1780 2877
257 164 309 204 82
818 170 873 204 lx.
898 169 1053 204 CONON.
1078 173 1110 205 5.

254 283 402 324 siorum
418 285 578 334 devicta,
601 298 689 325 cum
712 286 836 325 ultum
857 298 897 325 se
919 285 1080 325 iniurias
1097 287 1243 338 patriae
1264 292 1430 339 putaret,
1451 290 1562 341 plura
1582 303 1678 330 con-

207 345 224 377 2
254 341 418 392 cupivit,
450 354 565 393 quam
597 344 750 382 efficere
779 342 918 394 potuit.
959 342 1094 394 Neque
1124 348 1252 382 tamen
1276 356 1319 383 ea
1340 357 1420 384 non
1443 346 1506 398 pia
1528 353 1565 386 et
1585 360 1679 399 pro-

255 397 381 436 banda
397 399 569 446 suerunt,
590 400 694 450 quod
711 399 842 451 potius
858 399 1005 450 patriae
1022 412 1117 450 opes
1130 400 1263 451 augeri
1281 412 1395 451 quam
1412 403 1514 454 regis
1530 403 1678 443 maluit.

254 453 351 493 Nam
368 467 457 494 cum
475 468 654 507 magnam
671 456 942 495 auctoritatem
959 455 1031 495 sibi
1051 468 1183 507 pugna
1204 456 1265 495 illa
1283 457 1417 506 navali,
1440 471 1555 510 quam
1575 461 1679 512 apud

256 509 421 550 Cnidum
437 513 594 560 fecerat,
615 512 882 552 constituisset
897 525 977 551 non
999 513 1125 551 solum
1146 513 1248 552 inter
1267 513 1456 554 barbaros
1476 516 1542 554 sed
1563 517 1679 556 etiam

256 578 394 607 omnes
414 568 583 607 Graecae
604 568 784 616 civitatis,
814 569 912 608 clam
934 569 1025 608 dare
1047 582 1207 620 operam
1228 570 1378 622 coepit,
1408 576 1451 610 ut
1470 571 1620 611 Ioniam
1642 579 1680 612 et

205 629 222 661 3
253 624 424 663 Aeoliam
442 625 663 664 restitueret
679 625 994 665 Atheniensibus.
1032 625 1074 664 Id
1092 639 1180 665 cum
1202 627 1332 666 minus
1352 627 1558 679 diligenter
1578 635 1681 669 esset

254 681 432 729 celatum,
458 681 671 730 Tiribazus,
694 682 757 732 qui
781 681 967 721 Sardibus
987 690 1176 732 praeerat,
1199 684 1402 723 Cononem
1423 686 1606 734 evocavit,
1627 686 1679 725 si-

254 738 407 777 mulans
428 738 473 776 ad
495 749 628 789 regem
649 750 739 777 eum
755 750 795 777 se
818 737 970 776 mittere
990 738 1085 777 velle
1106 751 1246 791 magna
1268 741 1314 779 de
1335 753 1390 779 re.
1427 741 1554 781 Huius
1574 755 1679 782 nun·

253 793 306 832 tio
345 806 488 845 parens
526 806 616 832 cum
654 794 842 841 venisset,
878 793 918 832 in
948 794 1074 833 vincla
1108 796 1310 836 coniectus
1345 803 1423 846 est3
1459 798 1499 837 in
1538 799 1679 850 quibus

204 855 222 886 4
253 850 488 901 aliquamdiu
518 850 604 889 suit.
644 850 739 889 Inde
769 850 950 889 nonnulli
967 862 1056 888 eum
1082 852 1129 889 ad
1152 864 1285 903 regem
1307 853 1517 893 abductum
1546 855 1679 907 ibique

253 919 342 946 eum
373 907 521 958 perisse
551 907 741 959 seriptum
765 906 1032 957 reliquerunt:
1062 912 1200 946 contra
1226 921 1269 948 ea
1297 909 1427 948 Dinon
1456 911 1678 960 historicus,

253 964 315 1003 cui
346 976 418 1003 nos
446 963 658 1015 plurimum
685 964 731 1002 de
757 963 922 1002 Persicis
948 963 1066 1002 rebus
1095 964 1309 1013 credimus,
1342 966 1524 1017 effugisse
1554 968 1678 1020 scrip—

253 1020 301 1059 sit
311 1033 321 1069 ;
350 1020 445 1060 illud
474 1020 693 1069 addubitat,
722 1026 856 1059 utrum
885 1019 1063 1059 Tiribazo
1095 1020 1243 1060 sciente
1274 1034 1323 1061 an
1352 1022 1602 1074 imprudente
1630 1024 1681 1064 sit

252 1078 410 1116 factum.

253 1177 323 1200 war
347 1166 426 1199 kein
443 1166 758 1207 uubedachtsames,
784 1166 929 1199 sondern

253 1223 288 1245 es
305 1213 399 1245 hatte
418 1211 482 1244 alle
500 1212 661 1244 Aussicht
680 1212 739 1244 auf
754 1211 927 1254 Gelingen.

298 1259 329 1292 2.
351 1257 669 1300 potius—maluit.
691 1256 801 1290 Ueber
814 1256 929 1290 diesen

252 1302 474 1336 Pleonasmus
497 1301 592 1335 Hand
615 1301 711 1336 Turs.
729 1301 784 1335 IV.
806 1303 883 1336 513.

296 1348 358 1380 sed
364 1350 468 1380 etiam
476 1358 595 1379 omnes
605 1347 758 1380 Graecae
766 1349 930 1380 civitatis.

252 1391 336 1426 Dass
361 1393 414 1426 die
434 1392 648 1435 Praposition
672 1393 727 1426 bei
752 1403 834 1434 non,
859 1403 930 1425 non

251 1439 375 1480 solum,
391 1449 463 1470 non
477 1438 578 1470 modo
592 1457 635 1461 —-
647 1438 717 1479 sed,
730 1439 791 1470 sed
803 1440 929 1478 etiam;

253 1487 323 1516 tam
337 1503 379 1507 —
395 1493 500 1525 qaam
514 1482 594 1515 oder
610 1483 694 1516 nach
713 1483 821 1516 einem
832 1483 929 1516 Com-

250 1529 381 1572 parativ
417 1528 461 1560 im
501 1528 645 1560 zweiten
682 1527 799 1561 Gliede
835 1528 929 1561 nicht

250 1573 453 1607 wiederholt
476 1573 578 1613 wird,
611 1573 654 1606 ist
685 1573 778 1606 nicht
802 1573 928 1616 haufig.

251 1618 296 1653 So
313 1618 419 1652 findet
431 1618 502 1652 sich
516 1618 571 1651 bei
585 1618 699 1661 Nepos
714 1619 801 1651 noch
809 1618 926 1651 Them.

253 1666 281 1706 1,
299 1667 329 1697 4.
355 1664 426 1697 Alc.
450 1666 477 1704 1,
496 1665 525 1698 3.
545 1666 575 1705 3,
590 1665 620 1697 3.
638 1666 669 1705 4,
685 1667 714 1697 6.
739 1661 881 1705 Dionffl,
897 1668 927 1697 3.

248 1710 345 1743 Auch
361 1709 434 1742 Alc.
449 1711 480 1751 2,
495 1711 513 1742 2
540 1713 678 1741 amatus
696 1712 747 1741 est
758 1720 779 1741 a
795 1709 929 1751 multis,

249 1758 286 1788 1¹72
301 1757 349 1787 eis
365 1755 521 1795 Socrate,
547 1754 664 1787 Chabr.
681 1756 711 1796 3,
732 1757 751 1787 4
770 1755 928 1797 Iphicra-

250 1805 298 1833 tes
323 1802 361 1832 in
390 1799 551 1840 Threcia,
582 1799 782 1831 Timotheus
807 1799 928 1841 Lesbo,

251 1846 379 1879 Chares
404 1845 521 1887 Sigeo,
545 1844 614 1877 Att.
645 1846 695 1885 18,
721 1847 740 1878 4
766 1845 929 1877 Marcelli

251 1891 391 1923 Claudii
407 1891 447 1922 de
462 1889 724 1930 Marcellomm,
750 1890 928 1932 Scipionis

250 1936 405 1969 Cornelii
430 1938 463 1967 et
488 1935 596 1967 Fabii
619 1935 775 1967 Maccz'mz'
796 1936 927 1968 Fabio-

248 1992 328 2014 rum
343 1980 616 2013 etAemilz'orum
630 1980 705 2013 sind
717 1981 927 2023 ungewohn-

248 2026 326 2059 lich.
363 2025 439 2069 Vgl.
466 2036 508 2058 zu
525 2025 603 2058 Tac.
623 2025 709 2059 Ann.
727 2025 764 2059 ΙΙ.
786 2028 839 2060 68.
878 2025 927 2067 [S.

248 2082 289 2105 zu
313 2073 384 2105 Att.
411 2074 443 2112 9,
468 2073 513 2111 5.]

294 2117 431 2149 Ioniam
457 2119 491 2147 et
505 2116 676 2148 Aeoliam.
714 2115 816 2148 Nicht
833 2115 926 2149 diese

249 2162 360 2202 allein‚
386 2161 531 2195 sondern
556 2161 609 2193 die
632 2160 743 2193 Inseln
767 2160 835 2193 und
860 2161 925 2194 alle

249 2218 302 2241 am
325 2206 418 2240 Meer
450 2206 635 2248 gelegenen
662 2205 780 2238 Stfidte
803 2205 924 2239 Asiens

249 2253 317 2286 und
334 2252 393 2286 des
409 2251 625 2294 Hellesponts
651 2250 748 2291 <Xen.
767 2250 851 2284 Hell.
869 2250 923 2284 IV.

249 2300 279 2339 8,
307 2300 370 2337 12).
397 2316 437 2320 —
463 2297 586 2329 Aeolia
612 2295 718 2329 findet
743 2295 814 2328 sich
839 2296 924 2329 auch

248 2343 280 2377 b.
307 2343 389 2384 [Cic.
416 2342 456 2375 de
481 2342 547 2375 div.
572 2342 594 2376 1.
624 2343 650 2382 1,
677 2343 709 2381 3]
735 2340 820 2374 Plin.
846 2341 922 2374 hist.

248 2392 316 2422 nat.
341 2387 380 2421 V.
407 2389 461 2429 29,
489 2389 567 2424 1202
600 2386 659 2419 das
690 2386 924 2428 gewohnliche

249 2433 292 2466 ist
304 2433 434 2475 Aeolis,
452 2443 523 2465 was
540 2432 655 2475 Nepos
672 2431 757 2464 Milt.
773 2434 803 2473 3,
823 2434 838 2464 1
854 2431 923 2465 hat.

296 2480 325 2512 3.
352 2478 628 2519 01.97‚1=392.
655 2476 924 2510 Tiribazusliess

250 2522 313 2555 den
351 2523 465 2556 Conon
502 2523 596 2555 nicht
630 2522 742 2563 rufen‚
779 2521 921 2555 sondern

250 2567 358 2600 dieser
389 2568 521 2609 wurde,
558 2567 599 2600 da
635 2567 689 2600 die
723 2567 923 2600 Lacedamo-

250 2613 321 2646 nier
345 2613 407 2645 den
432 2613 627 2645 Antalcidas
653 2623 728 2646 zum
748 2611 922 2645 Tiribazus

998 1166 1141 1209 gesandt
1171 1166 1306 1210 hatten,
1341 1178 1398 1201 um
1427 1168 1485 1201 ihn
1515 1179 1584 1202 von
1617 1169 1678 1203 Co—

999 1222 1084 1245 nons
1102 1211 1282 1246 Vorhahen
1299 1223 1340 1246 zu
1359 1213 1600 1257 unterrichten‚
1617 1215 1679 1248 mit

999 1257 1122 1290 andern
1168 1257 1218 1290 als
1257 1257 1444 1291 Gesandter
1496 1269 1566 1292 von
1613 1260 1678 1293 den

997 1302 1171 1336 Athenern
1208 1313 1250 1336 zu
1285 1302 1355 1336 ihm
1395 1304 1572 1345 geschickt
1611 1304 1678 1338 und

999 1347 1059 1380 aus
1089 1347 1147 1381 des
1181 1347 1378 1381 Antalcidas
1401 1348 1678 1393 Beschuldigung

999 1393 1270 1435 sestgenommen
1303 1393 1399 1435 (Xen.
1431 1393 1516 1428 Hell.
1552 1394 1608 1428 IV.
1647 1398 1677 1437 8,

1001 1440 1040 1472 12
1066 1438 1170 1480 ssgd.).

1044 1482 1216 1516 Sardibus
1239 1479 1297 1516 ‘zu
1324 1479 1460 1516 Sardes‘
1488 1483 1572 1517 Xen.
1590 1483 1675 1518 Hell.

996 1527 1050 1562 IV.
1066 1530 1096 1567 8,
1120 1531 1156 1562 ¹2
1175 1531 1250 1571 sagt
1273 1529 1475 1573 Τιρίβαζον,
1501 1526 1677 1570 βασιλέως

996 1571 1089 1606 ὄντα
1120 1570 1335 1618 στρατηγόν,
1368 1573 1492 1607 Diodor
1521 1573 1606 1607 XIV.
1633 1576 1675 1608 85

1003 1619 1199 1662 Τιρίβαζος,
1224 1615 1243 1651 ὁ
1268 1618 1345 1651 τῶν
1364 1616 1456 1651 κατὰ
1471 1616 1539 1659 τὴν
1552 1614 1676 1652 Ἀσίαν

997 1664 1158 1704 πεζικῶν
1175 1660 1364 1706 δυνάμεων
1389 1663 1434 1705 ((1.
1454 1663 1474 1696 i.
1494 1663 1554 1697 des
1570 1663 1676 1697 Land-

996 1709 1108 1749 heers)
1137 1706 1391 1753 ἀφηγούμενος.
1439 1708 1676 1743 Wahrschein-

995 1754 1064 1787 lich
1089 1764 1160 1786 war
1185 1764 1219 1787 er
1243 1754 1410 1797 zugleich,
1436 1754 1500 1787 wie
1518 1753 1577 1787 der
1595 1755 1676 1796 jfin-

995 1809 1074 1878 53¹2?
1099 1799 1337 1888 &aalma
1351 1799 1528 1877 Aa&
1542 1798 1674 1877 {aa

1499 1871 1508 1886 9

997 1889 1151 1933 Satrapie
1185 1889 1301 1922 Ionien
1337 1889 1563 1923 mitumsasste
1605 1889 1674 1923 und

996 1935 1089 1968 ihren
1115 1934 1185 1968 Sitz
1210 1935 1244 1967 in
1272 1933 1394 1967 Sardes
1418 1934 1522 1967 hatte.

1041 1982 1072 2013 4.
1098 1980 1214 2012 Conon
1235 1979 1328 2012 ward
1353 1979 1446 2012 nicht
1469 1989 1546 2012 zum
1563 1978 1674 2022 Konig

996 2025 1148 2067 geffihrt,
1175 2023 1318 2058 sondern
1343 2024 1434 2057 blieb
1460 2023 1598 2066 zurfick,
1623 2024 1672 2057 als

994 2069 1170 2103 Tiribazus
1207 2069 1278 2102 sich
1315 2079 1356 2102 zu
1387 2069 1514 2102 diesem
1550 2069 1672 2112 begab.

993 2114 1058 2147 Der
1074 2114 1185 2156 Konig
1210 2114 1329 2147 sandte
1355 2113 1418 2147 den
1437 2113 1594 2148 Struthas
1611 2124 1672 2148 ans

993 2159 1104 2201 Meer,
1135 2159 1284 2192 welcher
1316 2159 1379 2192 den
1412 2158 1585 2192 Athenern
1616 2169 1673 2202 ge—

994 2205 1087 2247 neigt
1111 2214 1182 2237 war
1206 2204 1303 2244 (Xen.
1320 2204 1406 2238 Hell.
1419 2204 1474 2239 IV.
1489 2206 1519 2246 8,
1536 2207 1587 2238 16.
1604 2206 1671 2246 17).

993 2249 1108 2282 Dieser
1140 2249 1224 2282 wird
1256 2249 1331 2282 dem
1360 2249 1476 2283 Conon
1508 2249 1673 2292 Gelegen—

992 2294 1064 2328 heit
1080 2305 1138 2328 zur
1156 2294 1277 2328 Flucht
1294 2295 1447 2337 gegeben
1470 2294 1580 2328 haben
1603 2294 1673 2336 (Ti-

992 2340 1126 2373 ribazus
1159 2339 1288 2373 konnte
1312 2339 1432 2373 Nichts
1456 2339 1567 2372 davon
1592 2340 1673 2372 wis-

994 2387 1081 2426 sen):
1108 2384 1196 2418 denn
1214 2385 1329 2418 Conon
1354 2384 1445 2418 starb
1464 2384 1575 2427 einige
1597 2385 1671 2418 Zeit

993 2430 1139 2463 hernach
1160 2432 1261 2470 (etwa
1276 2432 1353 2468 390)
1375 2439 1418 2462 an
1439 2430 1530 2462 einer
1543 2429 1672 2462 Krank-

992 2476 1064 2508 heit
1086 2475 1146 2508 auf
1161 2475 1293 2519 Cypern
1313 2474 1438 2510 (Schol.
1452 2475 1588 2508 Aristid.
1604 2476 1669 2509 269

992 2520 1087 2554 Dind.
1103 2520 1221 2564 Lysias
1234 2520 1306 2552 XIX
1328 2520 1348 2563 ξ
1363 2521 1415 2553 39.
1431 2522 1498 2562 41).

1036 2568 1207 2608 scriptum
1243 2566 1475 2607 reliquerunt.
1533 2565 1669 2598 Ebenso

991 2611 1096 2645 Hann.
1116 2613 1146 2653 8,
1161 2612 1190 2644 2.
1212 2612 1263 2653 13,
1284 2613 1297 2644 1
1320 2610 1398 2651 [Cic.
1412 2609 1506 2645 Brut.
1530 2612 1581 2653 19,
1602 2612 1668 2651 75]-
