1780 2877
172 991 239 1033 XV

274 138 355 178 118
752 122 825 174 xvj
849 139 1173 174 EPAMINONDAS.
1201 143 1230 174 1.

272 256 415 295 sissent
431 255 585 306 iamque
603 255 741 306 procul
758 255 937 293 Datames
953 255 1118 301 abesset,
1141 255 1394 303 Mithridates,
1411 255 1640 307 priusquam
1656 256 1702 294 ad

272 325 364 353 suos
384 312 620 364 perveniret,
642 324 691 351 ne
714 324 829 364 quam
851 311 1116 363 suspicionem
1135 318 1302 363 pareret,
1326 312 1364 351 in
1382 313 1548 351 eundem
1573 312 1701 351 locum

273 369 480 409 revertitur
500 374 616 420 atque
638 369 706 416 ibi,
730 369 795 407 ubi
817 369 938 407 telum
961 373 1043 407 erat
1064 368 1275 415 infossum,
1298 369 1453 415 resedit,
1475 376 1519 408 ut
1539 369 1571 408 si
1593 369 1702 408 lassi-

272 426 408 466 tudine
430 431 590 477 euperet
612 426 882 477 acquiescere,
913 426 1181 476 Datamenque
1210 425 1423 474 revocavit,
1453 425 1641 465 simulans
1662 438 1703 465 se

273 484 455 535 quiddam
476 483 516 521 in
539 482 734 533 colloquio
758 495 842 522 esse
863 482 1040 521 oblitum.
1082 482 1244 521 Interim
1267 483 1399 530 telum,
1422 483 1526 533 quod
1547 483 1702 530 latebat,

273 540 437 592 protulit
465 539 733 590 nudatumque
763 539 899 591 vagina
927 545 1033 578 veste
1061 539 1157 578 texit
1187 552 1230 578 ac
1252 539 1402 578 Datami
1431 539 1602 578 venienti
1629 539 1701 578 ait:

271 596 554 649 digredientem
576 608 616 634 se
637 596 955 635 animadvertisse
970 596 1101 635 locum
1118 597 1326 648 quendam,
1351 596 1418 647 qui
1440 602 1522 635 erat
1542 596 1582 635 in
1605 609 1702 635 con-

271 659 428 705 spectu,
461 653 506 690 ad
528 658 654 691 castra
676 653 859 704 ponenda
881 665 965 692 esse
988 653 1185 692 idoneum.
1233 653 1359 699 Quem
1381 665 1471 692 cum
1493 652 1612 704 digito
1635 653 1703 692 de-

270 715 509 749 monstraret
531 714 569 747 et
590 709 652 747 ille
673 709 906 760 respiceret,
938 721 1116 749 aversum
1143 710 1248 749 ferro
1278 710 1473 749 transfixit
1500 710 1701 761 priusque,

271 779 386 818 quam
419 766 625 817 quisquam
653 771 786 816 posset
814 778 1065 814 succurrere,
1096 766 1304 806 interfecit.
1350 767 1406 806 lta
1435 766 1498 806 ille
1526 767 1604 813 vir,
1635 766 1702 817 qui

270 823 413 862 multos
435 822 620 869 consilio,
653 822 852 861 neminem
882 822 1250 874 perfidiaceperat,
1280 823 1456 862 simulata
1487 829 1623 875 captus
1645 829 1702 862 est

270 880 450 918 amicitia.

383 991 673 1039 Emmxoxms,
704 990 944 1043 Polymnidis
975 992 1096 1040 filius,
1128 991 1351 1031 Thebanus.
1391 992 1447 1031 De
1477 992 1552 1031 hoc
1573 992 1702 1043 prius-

271 1061 386 1101 quam
408 1049 634 1097 scribimus,
668 1049 762 1088 haec
784 1049 1060 1100 praecipienda
1081 1049 1262 1088 videntur
1282 1048 1515 1097 lectoribus,
1538 1061 1588 1088 ne
1609 1048 1701 1088 alie-

270 1119 342 1146 nos
361 1118 490 1146 mores
511 1107 556 1145 ad
579 1119 670 1145 suos
691 1106 865 1145 referant
887 1118 983 1145 neve
1006 1118 1068 1154 ea,
1091 1118 1189 1157 quae
1212 1106 1306 1157 ipsis
1326 1106 1470 1145 leviora
1490 1111 1595 1153 sunt,
1617 1105 1702 1157 pari

267 1164 383 1202 modo
405 1164 506 1214 apud
529 1169 682 1202 ceteros
703 1163 822 1202 fuisse
842 1163 1097 1202 arbitrentur.
1137 1163 1291 1202 Scimus
1307 1163 1413 1202 enim
1427 1163 1606 1202 musicen
1628 1175 1701 1202 no-

269 1220 358 1259 stris
388 1220 564 1259 moribns
584 1220 720 1259 abesse
750 1232 770 1258 a
801 1220 993 1271 principis
1027 1232 1218 1271 persona,
1247 1220 1387 1259 saltare
1407 1232 1499 1258 vero
1522 1220 1638 1259 etiam
1660 1219 1700 1258 in

267 1277 368 1316 vitiis
389 1277 506 1328 poni,
529 1288 628 1328 quae
650 1277 780 1315 omnia
803 1277 905 1328 apud
929 1276 1098 1316 Graecos
1120 1283 1157 1316 et
1178 1284 1285 1328 grata
1309 1282 1347 1316 et
1363 1277 1476 1316 laude
1493 1277 1610 1329 digna
1627 1277 1700 1315 du-

268 1368 428 1408 trahunt,
453 1366 486 1400 b.
511 1365 581 1398 Afr.
608 1367 663 1407 40,
689 1367 709 1399 6
735 1366 872 1398 diverse
896 1367 947 1397 ἰα-

268 1414 393 1445 cebant
416 1411 497 1445 Sall.
526 1412 595 1444 Cat.
623 1413 662 1445 61
698 1411 807 1453 paulo
835 1411 948 1443 diner-

267 1460 341 1489 εἰπε
366 1457 614 1498 conciderant,
648 1455 756 1501 [Suet.
782 1456 877 1490 Galb.
907 1457 946 1489 19

269 1503 405 1535 diuet-se
436 1502 635 1534 tendebant.
683 1502 779 1534 Auch
813 1502 880 1535 Cic.
907 1501 947 1534 de

268 1549 335 1582 inv.
353 1548 375 1581 l.
395 1550 448 1581 50.
470 1550 511 1581 93
532 1548 667 1579 diverse
684 1547 844 1588 dieitur]
885 1547 949 1580 Ge-

269 1594 479 1627 wolmlieher
505 1603 574 1625 war
600 1593 739 1626 diversi.

312 1639 492 1682 quiddam.
524 1638 601 1671 Man
619 1642 778 1671 erwartet
797 1638 946 1681 aliquid.

265 1684 368 1718 Jenes
386 1685 431 1717 ist
447 1695 485 1717 so
505 1695 544 1717 zu
564 1684 757 1724 verstehen,
775 1684 853 1717 dass
870 1684 946 1716 dem

265 1729 434 1766 Datames.
461 1730 510 1762 als
528 1739 563 1761 er
581 1729 720 1771 gerufen
738 1729 842 1765 ward.
864 1729 948 1762 iiber

267 1775 321 1808 die
346 1776 407 1808 Art
433 1775 490 1808 der
510 1774 618 1808 Sache
645 1775 719 1807 eine
745 1775 946 1817 allgemeine

266 1820 474 1863 Andeutung
500 1820 653 1863 gegeben
679 1819 805 1853 wurde.

312 1869 343 1900 5.
368 1865 452 1899 Dass
475 1865 632 1898 Datames
657 1876 716 1898 zur
740 1865 947 1907 Erreichung

267 1911 377 1945 seiner
401 1911 546 1944 Zwecke
572 1910 825 1953 Treulosigkeit
851 1911 944 1944 nicht

265 1957 513 1992 verscbm'ahte.
532 1956 648 1999 zeigen
669 1956 791 1989 andere
808 1955 945 1989 Berich-

266 2010 300 2035 te
314 2002 459 2046 (Poly'an
473 2002 539 2034 Vll.
555 2004 608 2042 21,
625 2005 652 2035 1.
669 2003 698 2035 2.
715 2001 945 2036 Pseudoarist.

267 2048 390 2081 Oecon.
417 2050 448 2085 2.
466 2050 532 2088 24).
551 2067 594 2071 —
611 2047 681 2080 Den
699 2047 868 2080 Α4111313311
885 2047 945 2081 des

263 2093 421 2126 Datames
453 2093 523 2126 und
556 2092 673 2125 seinen
704 2092 779 2125 Tod
817 2093 946 2126 erzahlt

263 2138 388 2172 Diodor
413 2138 496 2179 (XV.
516 2140 574 2179 91)
598 2143 697 2170 unter
714 2136 765 2170 Ol.
788 2140 862 2179 104,
879 2140 946 2171 4=

263 2186 340 2218 361.
388 2184 431 2217 Er
456 2193 548 2217 muss
574 2183 655 2216 aher
673 2183 747 2216 eine
774 2186 854 2225 gute
873 2183 945 2216 Zeit

264 2230 378 2263 sri'iher
394 2229 498 2263 fallen
521 2228 624 2268 (Prol.
640 2227 741 2270 Trog.
757 2227 874 2271 Pomp.
890 2228 943 2269 X).

478 2307 728 2340 Emnsorms.

309 2365 343 2400 1.
372 2367 397 2398 1.
423 2364 655 2407 Polymm‘dis.
697 2362 750 2396 ‘So
777 2362 858 2396 oder
881 2364 945 2396 Po-

264 2410 396 2453 [ymnis
411 2419 504 2443 muss
517 2409 667 2452 Nepos„
649 2408 871 2442 ‹reschn'eben
888 2408 945 2441 113-

264 2455 350 2496 ben,
380 2455 422 2488 da
447 2454 504 2488 der
530 2454 632 2488 Vater
657 2454 716 2487 des
741 2454 945 2497 Epaminon—

266 2500 326 2533 das
342 2501 525 2543 Polymnis
541 2499 644 2541 hiess,
662 2510 788 2533 wovon
805 2499 864 2532 der
881 2499 945 2532 Ge—

265 2545 358 2578 netiv
373 2545 588 2588 gewtibnlich
599 2526 823 2588 Πολύμνιδος
836 2544 943 2578 lautet

263 2589 476 2629 (Paus.V111
495 2593 549 2627 52.
568 2594 597 2624 4.
625 2590 677 2624 lX.
700 2593 751 2632 12,
770 2593 800 2625 6.
826 2589 941 2623 —1v.

1018 1367 1071 1404 31,
1099 1367 1139 1399 10
1165 1365 1276 1398 haben
1309 1365 1363 1398 die
1396 1365 1494 1400 Hdss.
1520 1365 1699 1398 falschlicb

1018 1407 1244 1454 Κλεόμμιδος
1256 1430 1297 1434 -
1316 1410 1390 1444 Ael.
1409 1421 1478 1444 var.
1496 1411 1573 1443 11131.
1592 1410 1628 1444 11.
1644 1413 1698 1444 43.

1016 1455 1066 1489 111.
1096 1459 1145 1489 17.
1172 1456 1225 1488 XI.
1254 1458 1304 1496 9);
1338 1456 1394 1489 bei
1427 1455 1516 1489 Plut.
1548 1455 1589 1489 de
1622 1466 1698 1499 gen.

1017 1501 1110 1534 Soer.
1130 1503 1193 1535 578
1210 1501 1246 1535 Ε.
1265 1504 1326 1535 581
1345 1501 1379 1534 F.
1398 1500 1505 1534 findet
1523 1501 1595 1534 sich
1613 1502 1698 1535 auch

1017 1543 1227 1590 Πολύμνιος.
1276 1546 1337 1579 Die
1367 1546 1464 1579 Hdss.
1498 1546 1558 1580 des
1583 1546 1698 1590 Nepos

1016 1592 1127 1625 haben
1153 1592 1339 1635 Polymni,
1375 1602 1472 1625 wozu
1499 1591 1558 1625 der
1581 1592 1696 1626 Nomi-

1018 1638 1111 1670 nativ
1126 1638 1312 1680 Polymnes
1325 1637 1407 1671 oder
1419 1637 1608 1680 Polymnus
1618 1637 1698 1671 oder

1017 1683 1225 1725 Polymnius
1249 1683 1322 1716 sein
1349 1686 1488 1716 miisste.
1534 1694 1539 1698 ·

1062 1729 1115 1760 De
1140 1729 1205 1761 hoc
1222 1739 1254 1762 u.
1274 1739 1299 1761 s.
1319 1738 1361 1762 W.
1388 1728 1432 1761 ist
1458 1727 1562 1761 sehon
1589 1728 1621 1761 in
1640 1727 1698 1761 der

1016 1773 1167 1807 Vorrede
1192 1777 1322 1817 gesagt.
1349 1793 1393 1797 —-
1419 1773 1545 1816 [lector
1567 1768 1695 1807 ‘Leser'

1015 1819 1103 1853 auch
1118 1819 1187 1854 Cic.
1203 1819 1281 1853 farn.
1297 1818 1336 1851 V.
1355 1821 1405 1860 12,
1420 1822 1450 1852 4.
1476 1819 1555 1853 Hor.
1570 1818 1696 1859 onim]

1063 1865 1110 1897 ad
1138 1876 1220 1897 suos
1252 1845 1454 1904 mser-ani}
1459 1874 1499 1897 an
1534 1863 1587 1897 die
1619 1864 1699 1897 ibri-

1015 1920 1091 1953 gen,
1117 1910 1166 1943 als
1193 1910 1246 1943 die
1271 1909 1534 1943 entscheidende
1551 1909 1697 1949 Instanz,

1014 1935 1178 1998 1111113311ζ
1197 1955 1227 1988 d.
1242 1955 1274 1990 11.
1290 1955 1362 1988 hier
1373 1951 1472 1988 ‘nach
1486 1954 1551 1987 den
1565 1954 1697 1997 lhrigen

1015 1980 1249 2034 heurtheilen'.
1297 2000 1332 2032 ln
1359 1999 1416 2033 der
1441 1999 1609 2054 1131165311
1634 1999 1697 2033 Be·

1015 2041 1450 2088 deutung‘anheimgeben⁷
1478 2045 1573 2080 Eum.
1596 2048 1694 2086 12,1.

1015 2092 1084 2125 Liv.
1098 2090 1245 2124 XXXIV
1261 2092 1390 2130 22,10;
1417 2087 1481 2132 [‘in
1500 2072 1696 2134 Bezieluing

1013 2117 1419 2191 biingen²Lys.3,1];
1461 2136 1510 2169 ad
1539 2147 1613 2169 rem
1646 2137 1695 2170 oft

1013 2161 1203 2224 ‘abhnangig
1238 2162 1396 2214 mach'en’
1407 2208 1415 2223 ,
1453 2181 1518 2214 wie
1553 2181 1619 2216 Cic.
1653 2182 1695 2215 ad

1014 2228 1092 2306 fam.
1118 2227 1185 2261 ΧΠ.
1212 2229 1266 2267 22,
1298 2229 1328 2261 3.
1362 2226 1404 2260 de
1428 2226 1486 2260 fin.
1510 2226 1534 2261 1.
1565 2229 1615 2269 12,
1639 2229 1693 2261 41.

1060 2272 1134 2307 .de
1160 2283 1208 2307 or.
1232 2272 1254 2306 1.
1281 2275 1335 2314 52,
1360 2274 1437 2307 226.
1463 2272 1548 2306 Phil.
1573 2272 1613 2306 X.
1643 2275 1694 2314 10,

1015 2320 1077 2357 20,
1112 2318 1200 2360 quid
1234 2319 1322 2350 mihi
1355 2327 1453 2350 nunc
1487 2319 1602 2350 animi
1636 2321 1692 2356 sit,

1013 2363 1061 2396 ad
1083 2366 1117 2395 te
1141 2366 1257 2417 ipsum
1279 2362 1418 2402 referre
1439 2358 1539 2396 ‘nach
1560 2363 1611 2396 dir
1634 2363 1693 2397 be—

1014 2404 1190 2442 urtheilen‘
1217 2408 1285 2443 Cic.
1303 2419 1336 2452 p.
1354 2407 1424 2442 Dei.
1444 2409 1520 2449 2,1,
1546 2409 1612 2442 wie
1637 2409 1692 2444 ob.

1061 2454 1193 2487 letior-a
1210 2465 1242 2487 u.
1260 2454 1352 2486 levia
1377 2455 1408 2494 2,
1426 2455 1444 2487 3
1471 2463 1512 2486 zu
1537 2454 1642 2497 praes.
1663 2459 1690 2488 1.

1057 2498 1170 2539 sitisse
1195 2499 1260 2533 wie
1283 2498 1359 2538 fuit
1380 2498 1491 2552 praef.
1510 2501 1542 2534 5.

1060 2546 1090 2578 2.
1115 2546 1244 2586 abesse,
1268 2544 1335 2577 wie
1359 2554 1461 2577 unser
1483 2539 1568 2577 ‘fern
1595 2543 1690 2582 sein'.

1013 2590 1046 2623 in
1071 2590 1146 2623 dem
1173 2589 1275 2623 Sinne
1299 2585 1385 2623 ‘sich
1419 2589 1511 2622 nicht
1536 2589 1690 2624 ziemen'.
