1780 2877
163 137 243 175 250
744 138 915 173 EXCURS
942 139 1007 172 VII.

164 254 275 295 copiis
298 252 411 285 verbis
437 252 581 285 illorum
607 252 760 284 adventu
785 255 819 285 et
842 262 943 285 suam
968 252 1110 284 classem
1128 252 1280 285 Charetis
1304 253 1465 296 opposuit
1491 253 1595 296 scrip-

164 302 226 340 tor,
251 297 330 330 item
350 298 426 341 Lys.
451 300 480 339 1ἓ
498 300 518 330 4
542 301 582 330 ut
606 308 724 330 omnes
748 300 908 330 civitates
933 300 971 329 in
995 309 1059 330 sua
1086 301 1222 330 teneret
1239 301 1426 341 potestate,
1453 309 1531 332 cum
1556 299 1595 331 id

162 355 197 375 se
220 343 583 376 Lacedaemoniorum
608 354 714 375 cansa
738 342 858 382 facere
882 343 1078 384 simularet,
1103 343 1199 377 Dion.
1225 345 1256 381 6,
1278 345 1297 376 4
1323 347 1443 377 omnia
1467 346 1505 376 in
1529 355 1593 376 sua

161 392 332 432 potestate
349 400 419 421 esse
435 389 532 429 velle,
553 389 623 421 Att.
647 391 673 425 1,
692 390 710 421 3
728 391 904 422 incitabat
919 399 1037 421 omnes
1052 389 1173 421 studio
1191 399 1267 430 suo,
1292 388 1374 427 alia;
1400 389 1434 422 in
1452 399 1594 433 quorum

162 444 302 467 numero
320 434 420 467 etiam
438 434 522 467 haec
539 444 645 477 pono:
673 433 819 468 Timoth.
842 437 869 476 1,
888 436 906 468 3
926 437 1026 466 cuius
1047 438 1186 477 partem
1211 434 1352 466 domum
1374 445 1476 466 suam
1498 434 1597 474 ferre

161 483 288 522 posset,
314 479 376 522 Ag.
397 482 426 517 7,
445 481 463 512 3
483 480 578 511 nihil
591 489 759 522 umquam
777 480 919 512 domum
935 490 1035 512 suam
1061 480 1219 520 contulit,
1245 478 1368 513 Timol.
1386 481 1418 519 4,
1436 482 1457 513 4
1474 479 1597 523 Itaque

162 536 248 557 suae
272 525 368 556 domi
389 524 556 556 sacellum
581 525 809 557 Automatias
835 528 1081 566 constituerat,
1105 526 1175 558 Att.
1206 527 1256 564 13,
1282 527 1301 559 6
1328 525 1469 557 domum
1496 536 1597 558 suam

164 572 321 603 omnium
346 570 513 602 ordinum
538 571 694 602 homines
715 573 897 612 invitaret,
922 571 1044 614 quibus
1062 571 1250 604 accuratius
1268 570 1399 613 privata
1417 572 1475 603 aut
1491 570 1598 613 ipsius

164 615 311 649 hominis
337 615 456 647 domus
483 614 703 657 significatur,
729 619 767 648 ut
792 616 872 648 item
898 615 967 649 Att.
994 618 1025 657 9,
1051 618 1071 649 4
1098 619 1196 648 tanta
1222 616 1412 657 diligentia
1439 614 1599 656 officium

163 671 264 693 suum
290 662 473 703 praestitit
495 661 537 693 ab
562 660 637 703 ipso
662 660 866 694 obeundum.

829 773 948 822 v11.*)

280 864 386 897 Hann.
407 866 436 904 Τ,
451 866 482 906 4,
501 873 601 907 quem
618 863 731 897 locum
750 863 815 896 iam
833 864 866 896 in
884 863 1095 906 praefatione
1113 863 1272 896 editionis
1290 863 1368 896 anni
1390 865 1472 897 1867
1494 863 1601 905 tetigi,

166 911 249 944 haec
267 910 393 953 scripta
417 912 513 942 sunt:
541 909 617 941 Huc
642 912 681 941 ut
704 909 821 950 rediit,
843 912 993 952 praetor
1017 909 1135 948 factus
1161 912 1218 950 cst,
1239 912 1432 952 postquam
1457 919 1523 940 rex
1545 907 1603 947 fu-

169 960 256 998 erat,
282 966 376 988 anno
401 955 554 987 secundo
580 958 613 986 ct
636 957 811 987 vicesimo.
863 954 907 989 Ut
931 957 1022 986 enim
1043 954 1172 987 Romae
1197 954 1366 997 consules,
1390 956 1441 987 sic
1459 953 1606 987 Cartha-

164 1004 251 1044 gine
276 1002 467 1044 quotannis
492 1002 606 1032 annui
630 1001 705 1032 bini
729 1011 828 1042 reges
854 1001 1078 1033 creabantur.
1120 999 1180 1032 Hie
1204 999 1350 1043 primum
1374 1000 1527 1043 ineptum
1552 1001 1605 1031 est

168 1047 209 1081 de
233 1047 370 1090 regibus
389 1046 718 1089 Carthaginiensium
743 1046 897 1088 legentes
921 1046 1034 1078 verbis
1055 1046 1098 1080 Ut
1123 1047 1215 1077 enim
1233 1045 1364 1078 Romae
1389 1044 1548 1078 consules
1572 1049 1607 1076 et

169 1105 201 1137 q.
221 1103 245 1126 s.
265 1092 454 1125 accuratius
473 1091 618 1132 edoceri,
645 1091 685 1124 de
704 1096 858 1134 praetore
877 1091 960 1123 nihil
979 1091 1075 1132 adici,
1102 1101 1177 1123 cum
1195 1090 1244 1123 illi
1269 1094 1367 1124 antea
1389 1090 1500 1124 obiter
1517 1099 1607 1123 com-

168 1138 345 1171 memorati
371 1138 456 1172 sint,
486 1137 542 1169 hic
568 1137 599 1169 in
627 1147 665 1169 ea
692 1147 744 1173 re.
779 1147 864 1180 quae
890 1140 1059 1178 narratur,
1086 1136 1279 1180 primarium
1303 1136 1417 1170 locum
1442 1135 1605 1170 obtineat.

168 1184 296 1217 Deinde
313 1183 366 1215 hic
383 1193 471 1215 unus
489 1182 585 1215 locus
603 1186 666 1223 est,
685 1193 752 1225 quo
770 1185 906 1225 praetor
924 1182 1263 1224 Carthaginiensium,
1290 1182 1342 1215 cui
1361 1180 1497 1225 quidem
1515 1180 1607 1213 domi

169 1240 222 1263 res
247 1229 383 1272 publica
411 1227 674 1261 administranda
702 1231 811 1269 esset,
845 1238 862 1260 a
887 1237 966 1270 rege
993 1227 1147 1260 diversus
1173 1227 1278 1261 fuisse
1313 1227 1474 1260 tradatur.
1521 1225 1608 1258 Nam

168 1275 284 1308 Livius
301 1273 444 1306 XXXIII.
471 1275 525 1314 46,
550 1273 607 1305 ubi
635 1272 675 1306 de
701 1273 820 1306 iisdem
845 1273 946 1306 rebus
972 1276 1074 1317 atque
1099 1273 1214 1316 Nepos
1241 1272 1376 1306 tradens
1401 1273 1483 1306 item
1506 1282 1610 1314 prae-

172 1324 280 1353 torem
304 1322 407 1352 vocat
426 1318 660 1354 Hannibalem.
686 1322 777 1352 recte
803 1319 1015 1352 existimatur
1040 1319 1102 1351 hac
1125 1328 1211 1351 voce
1236 1329 1356 1361 regem
1379 1317 1436 1351 vel
1459 1316 1609 1356 sufetem

170 1364 398 1408 significasse;
432 1365 489 1407 qui
514 1364 588 1407 ipsa
613 1363 740 1397 Punica
765 1375 850 1397 voce
876 1375 957 1397 usus
983 1364 1084 1398 XXX.
1112 1366 1142 1401 7,
1168 1367 1186 1398 5
1214 1364 1386 1397 Senatum
1410 1365 1531 1405 itaque
1553 1373 1610 1394 su-

169 1411 267 1452 fetes,
287 1411 382 1453 quod
398 1410 493 1442 velut
509 1410 694 1442 consulare
711 1412 900 1452 imperium
918 1410 1016 1453 apud
1032 1421 1089 1442 eos
1106 1412 1193 1450 crat,
1211 1411 1438 1450 vocaverunt,
1460 1406 1607 1440 XXXIV.

170 1460 225 1498 61,
246 1460 284 1490 15
305 1466 383 1488 cum
399 1455 530 1495 sufetes
547 1456 596 1487 ad
612 1457 666 1487 ius
684 1456 871 1488 dicendum
897 1455 1133 1487 consedissent
1157 1459 1190 1487 et
1215 1454 1255 1487 de
1274 1453 1449 1487 Gaditanis
1464 1452 1609 1485 XXVIII.

172 1504 225 1544 37,
253 1504 272 1534 2
296 1501 427 1540 sufetes
451 1511 592 1542 eorum,
617 1503 678 1543 qui
700 1511 856 1533 summus
878 1501 1004 1533 Poenis
1029 1503 1080 1532 est
1101 1502 1346 1542 magistratus,
1372 1508 1482 1542 neque
1504 1509 1607 1541 prae-

171 1552 283 1581 torem
308 1546 636 1589 Carthaginiensium
662 1556 866 1589 quemquam
884 1549 1017 1589 praeter
1034 1545 1178 1578 sufetem
1196 1555 1307 1588 neque
1326 1544 1471 1577 sufetem
1488 1543 1606 1576 Latino

169 1592 338 1627 vocabulo
357 1592 424 1626 alio
442 1602 542 1636 quam
557 1593 737 1634 praetoris
753 1591 889 1625 videtur
906 1591 1109 1635 appellasse.
1149 1590 1268 1634 Neque
1288 1590 1376 1623 enim
1393 1589 1428 1622 in
1444 1589 1497 1631 iis,
1519 1598 1606 1632 quae

172 1638 316 1671 XXVIII.
343 1640 396 1679 30,
421 1640 442 1671 4
467 1638 625 1680 leguntur
650 1647 943 1680 comprensosque
969 1638 1082 1668 omnis
1104 1635 1210 1675 Mago
1228 1635 1424 1668 Adherbali
1444 1635 1608 1677 praetori

174 1684 425 1725 Carthaginem
457 1683 674 1715 devehendos
698 1683 828 1724 tradit,
862 1685 953 1723 erat,
987 1681 1078 1724 quod
1103 1680 1402 1714 Weissenbornius
1426 1679 1607 1720 dubitaret,

171 1732 283 1762 utrum
309 1728 375 1761 dux
401 1738 443 1760 an
468 1727 561 1761 sufes
586 1727 842 1770 significaretur,
868 1731 901 1760 et
928 1727 959 1759 in
986 1726 1144 1770 periocha
1160 1726 1237 1759 libri
1256 1726 1279 1759 L
1298 1726 1609 1768 Carthaginienses

174 1773 439 1814 Hasdrubalem,
465 1773 674 1805 Masinissae
690 1776 861 1815 nepotem,
888 1783 989 1815 quem
1004 1775 1207 1815 praetorem
1225 1773 1408 1813 habebant,
1433 1771 1609 1804 hominem

170 1819 388 1862 proditionis
410 1822 627 1860 suspectum,
662 1821 696 1850 in
724 1820 826 1851 curia
850 1820 1107 1850 interemerunt
1127 1820 1220 1851 recte
1244 1816 1447 1850 Hendricum
1471 1819 1608 1850 secutus

172 1863 466 1898 Drakenborchius
484 1863 630 1896 sufetem
648 1864 825 1897 intellexit.
860 1863 946 1896 Nam
965 1863 1108 1896 alterum
1124 1862 1380 1903 Hasdrubalem,
1403 1872 1514 1906 quem,
1532 1870 1608 1894 cum

172 1910 222 1942 illi
243 1909 442 1942 Masinissae
467 1909 585 1952 nepoti
610 1909 783 1942 interitum
808 1909 1038 1942 machinatum
1063 1919 1138 1942 esse
1163 1906 1230 1949 τὴν
1253 1908 1315 1949 τῆς
1340 1904 1478 1941 πόλεως
1501 1916 1607 1952 στρα-

173 1957 304 2001 τηγίαν
328 1952 552 1999 προσλαβεῖν
576 1952 811 2000 ἐπειγόμενον
834 1954 1010 1998 Appianus
1031 1953 1115 1987 Pun.
1144 1956 1203 1987 111
1232 1958 1315 1986 extr.
1341 1952 1461 1993 tradat,
1486 1954 1607 1984 necato

172 2001 372 2034 Masinissae
397 2003 522 2043 nepote
547 2001 659 2033 omnia
684 2001 757 2033 eius
781 2010 920 2033 munera
945 1999 1136 2042 suscepisse
1160 1999 1216 2032 vel
1249 1998 1393 2031 maxime
1424 1995 1608 2030 veriSimile

175 2049 237 2087 est,
264 2045 402 2078 Orosius
419 2045 472 2079 IV.
492 2047 534 2078 ‘23
560 2056 679 2088 regem
704 2045 844 2089 eiusque
868 2055 1009 2078 uxorem
1033 2047 1197 2086 reginam
1222 2043 1388 2087 appellat:
1414 2051 1524 2086 neque
1550 2041 1610 2075 ob-

175 2095 253 2133 stat,
279 2091 370 2135 quod
395 2090 483 2134 apud
510 2092 653 2124 eundem
677 2092 851 2135 superiore
877 2091 987 2134 capite
1006 2089 1216 2130 Hasdrubal,
1240 2090 1439 2122 Poenorum
1458 2089 1610 2130 impera-

176 2141 241 2178 tor,
267 2137 476 2170 Masinissae
500 2147 608 2179 nepos
630 2137 756 2179 legitur
780 2140 813 2169 et
839 2139 937 2169 antea
955 2135 1251 2177 Carthaginienses
1275 2133 1361 2167 duos
1380 2131 1608 2166 Hasdrubales

175 2183 278 2216 duces
304 2182 367 2215 sibi
394 2192 527 2215 creasse
553 2187 715 2221 narratur,
741 2181 781 2214 de
807 2191 873 2225 qua
890 2191 925 2214 re
943 2181 1133 2214 accuratius
1151 2179 1253 2213 tradit
1269 2179 1446 2222 Appianus
1462 2177 1546 2211 Pun.
1565 2178 1607 2211 93

175 2225 396 2273 στρατηγοί-ς
421 2224 460 2271 {t}
483 2225 622 2260 εἴλοντο
646 2226 724 2259 τῶν
747 2227 814 2270 μὲν
839 2225 908 2265 ἔξω
935 2224 1104 2272 πράξεων
1125 2222 1361 2269 Ἀσδρούβαν,
1391 2222 1420 2266 ᾧ
1448 2220 1609 2256 θάνατος

176 2271 407 2317 ἐπικήρυκτος
423 2273 466 2314 ἢν
484 2292 528 2296 -
543 2272 645 2305 ἐντὸς
662 2269 700 2305 δὲ
724 2271 855 2312 τειχῶν
880 2268 995 2318 ἡρέθη
1021 2269 1219 2317 στρατηγὸς
1243 2271 1360 2315 ἔτερος
1379 2265 1608 2315 Ἀσδρούβας,

176 2315 420 2364 θυγατριδοῦς
445 2316 734 2352 Μασσανάσσουε
761 2318 863 2351 immo
889 2317 981 2361 quod
1005 2317 1094 2350 hunc
1118 2316 1295 2359 Appianus
1320 2325 1347 2348 c.
1375 2316 1432 2348 1-11
1461 2311 1527 2347 τὸν
1550 2309 1608 2357 ἆρ-

176 2376 288 2404 χοντα
311 2364 372 2405 τῆς
396 2359 536 2396 πόλεως
560 2363 728 2407 appellat,
754 2366 867 2406 potest
893 2366 926 2396 et
951 2363 1062 2406 ipsum
1087 2360 1338 2404 quodammodo
1363 2369 1440 2393 eum
1463 2358 1609 2392 sufetem

178 2409 281 2442 fuisse
307 2407 509 2452 significare.
558 2408 760 2442 Aristoteles
785 2408 874 2441 enim
899 2407 972 2441 Pol.
998 2407 1034 2441 11.
1065 2410 1100 2440 ll
1129 2407 1172 2450 (p.
1203 2408 1287 2439 1273
1313 2406 1346 2445 b,
1373 2407 1391 2439 8
1417 2414 1470 2448 ap.
1488 2402 1609 2438 BekkA

179 2452 325 2486 Φαῦλον
351 2450 385 2486 δ’
412 2449 458 2486 ἂν
483 2451 621 2493 δόξειεν
645 2453 747 2493 εἶναι,
773 2453 894 2497 inquit,
918 2454 978 2485 καὶ
1000 2450 1042 2485 τὸ
1061 2449 1201 2486 πλείους
1216 2448 1323 2496 ἀρχὰς
1338 2447 1405 2482 τὸν
1421 2446 1534 2481 αὐτὸν
1549 2446 1608 2493 ἅρ-

177 2510 263 2539 χειν,
287 2496 376 2545 ὅπερ
400 2495 580 2543 εὐδοκιμεῖ
602 2497 701 2545 παρὰ
724 2501 797 2532 τοῖς
822 2495 1090 2545 Καρχηδονίοις.
1138 2496 1256 2540 Neque
1284 2495 1383 2540 pauci
1407 2503 1611 2528 commemo-

291 2610 324 2651 *)
348 2611 463 2654 spicil.
488 2612 524 2645 11.
551 2614 581 2653 6,
608 2614 728 2647 4—11.
