1780 2877
280 134 360 174 150

779 137 891 171 xvut.
916 137 1130 172 EUMENES.
1156 140 1186 172 3.

276 252 529 304 Hephaestio,
553 266 666 304 quem
701 265 821 292 unum
845 253 1078 300 Alexander,
1102 254 1206 304 quod
1228 254 1338 292 facile
1355 254 1525 306 intellegi
1549 259 1692 306 posset,

275 309 429 360 plurimi
462 311 642 358 fecerat),
672 310 744 348 hoc
777 315 951 361 tempore
973 310 1058 348 data
1087 315 1144 349 est
1165 309 1331 349 Eumeni
1353 310 1592 362 Cappadocia
1613 311 1692 351 sive

225 372 244 402 3
273 366 404 416 potius
423 366 534 405 dicta.
575 367 669 405 Nam
693 372 773 405 tuin
795 366 834 405 in
851 367 1019 405 hostium
1035 374 1115 405 erat
1136 372 1338 417 potestate.
1380 366 1495 406 Hunc
1510 367 1582 407 sibi
1599 367 1693 406 Per-

275 422 403 462 diccas
412 423 635 461 adiunxerat
649 435 789 474 magno
802 423 941 470 studio,
959 423 1063 473 quod
1076 423 1113 462 in
1125 423 1283 461 homine
1293 423 1406 462 [idem
1418 428 1456 462 et
1465 423 1693 464 industriam

275 491 453 530 magnam
471 479 633 526 videbat,
652 492 732 518 non
749 479 942 526 dubitans,
958 480 989 519 si
1006 492 1093 518 euni
1107 479 1338 531 pellexisset,
1355 491 1496 531 magno
1508 480 1596 519 usui
1610 481 1694 519 sore

277 535 348 573 sibi
366 535 403 573 in
423 536 468 574 iis
483 535 610 582 rebus,
626 548 721 586 quas
738 536 959 587 apparabat.
992 536 1191 587 Cogitabat
1208 536 1324 583 enim,
1343 536 1448 586 quod
1461 536 1542 575 fere
1559 548 1695 576 omnes

277 591 315 629 in
338 592 488 642 magnis
510 591 682 642 imperiis
702 593 1000 643 concupiscunt,
1023 593 1198 631 omnium
1218 593 1339 644 partis
1360 592 1558 643 corripere
1579 597 1695 644 atque

276 648 494 699 complecti.
530 648 664 699 Neque
685 660 776 686 vero
797 649 871 687 hoc
894 648 955 687 ille
972 649 1078 688 solus
1093 649 1196 696 fecit,
1217 649 1281 688 sed
1298 649 1418 688 ceteri
1439 661 1595 700 quoque
1611 661 1695 688 om-

275 716 357 751 nes,
380 704 446 754 qui
463 704 669 743 Alexandri
686 705 841 743 fuerant
856 705 981 743 amici.
1022 705 1174 744 Primus
1189 705 1416 744 Leonnatus
1430 705 1695 744 Macedoniam

275 772 563 811 praeoccupare
600 760 815 799 destinavit.
866 759 902 799 Is
932 761 1064 800 multis
1093 761 1321 813 magnisque
1351 761 1696 813 pollicitationibus

275 817 508 866 persuadere
522 816 687 855 Eumeni
704 817 864 865 studuit,
881 817 1155 856 utPerdiccam
1172 818 1368 857 desereret
1383 830 1427 857 ac
1443 830 1576 858 secum
1592 818 1695 857 face-

225 878 244 909 5
275 878 333 911 ret
349 873 586 912 societatem.
627 873 723 912 Cum
738 874 953 924 perducere
970 886 1059 913 eum
1080 886 1160 912 non
1177 879 1320 924 posset,
1342 874 1560 913 interficere
1576 886 1696 914 cona-

276 935 337 968 tus
354 936 432 978 est;
450 935 487 968 et
504 930 668 977 fecisset,
687 930 761 970 nisi
778 930 840 969 ille
857 930 954 969 clam
972 936 1092 970 noctu
1107 943 1151 969 ex
1169 929 1370 981 praesidiis
1387 930 1470 969 eius
1485 930 1695 982 effugisset.

388 986 548 1025 Interim
570 987 736 1025 conflata
757 993 850 1026 sunt
871 987 934 1026 illa
954 987 1066 1034 bella,
1090 999 1187 1038 quae
1209 987 1255 1025 ad
1286 985 1588 1026 internicionem
1609 994 1697 1038 post

274 1041 479 1081 Alexandri
501 1049 668 1082 mortem
690 1049 797 1094 gesta
817 1050 921 1091 sunt,
943 1055 1157 1094 omnesque
1174 1048 1461 1082 concurrerunt
1476 1043 1524 1082 ad
1539 1043 1697 1082 Perdic-

270 1110 353 1136 cam
375 1099 690 1150 opprimendum.
732 1099 857 1145 Quem
873 1100 944 1139 etsi
966 1100 1164 1139 infirmum
1181 1099 1343 1148 videbat,
1367 1099 1470 1150 quod
1488 1112 1590 1139 unus
1612 1111 1695 1139 om-

270 1154 384 1194 nibus
414 1156 594 1195 resistere
629 1156 861 1208 cogebatur,
897 1162 1026 1196 tamen
1057 1156 1224 1195 amicum
1254 1169 1335 1195 non
1365 1156 1536 1195 deseruit
1565 1168 1693 1207 neque

316 1275 424 1296 unum
450 1284 493 1289 —
513 1266 673 1308 plurimi.
723 1265 756 1300 S.
788 1277 829 1299 zu
861 1265 945 1299 Milt.

313 1358 438 1396 posset.
487 1354 521 1389 S.
547 1355 667 1399 Zumpt
694 1357 714 1400 ἓ
740 1359 824 1398 558,
850 1355 942 1389 Mad-

271 1400 330 1442 vig
354 1400 372 1441 ξ
399 1402 465 1434 364
489 1402 585 1434 Anni.
616 1404 643 1434 1.

316 1446 381 1477 hoc
421 1448 574 1488 tempore
614 1446 698 1479 nach
738 1447 946 1479 Alemandro

270 1490 452 1533 Babylone
485 1494 626 1523 mortuo
660 1491 695 1534 (ξ
733 1494 772 1533 1).
834 1491 867 1524 S.
905 1502 945 1524 zu

271 1534 374 1568 Phoc.
402 1537 432 1577 2,
457 1538 488 1569 4.

316 1581 412 1612 dicta
434 1575 631 1623 ‘zugesagt‘.
674 1580 782 1614 Plaut.
809 1581 877 1614 Mil.
897 1581 946 1616 111.

273 1627 302 1659 1.
331 1627 391 1659 113
417 1636 494 1658 mea
519 1628 610 1658 bona
634 1629 794 1668 cognatis
819 1627 946 1659 dicam.

270 1669 363 1704 Varr.
383 1670 499 1713 fragm.
518 1682 550 1714 p.
569 1672 633 1704 293
648 1670 720 1714 Bip.
749 1672 837 1714 [dos]
857 1683 947 1714 quae

268 1717 358 1747 milti
382 1716 478 1748 dicta
504 1719 563 1748 est.
605 1716 670 1749 Cic.
696 1727 728 1760 p.
749 1717 868 1750 Flacco
894 1719 947 1758 35,

270 1762 313 1794 86
338 1761 416 1793 doti
432 1761 576 1793 fater-ia
594 1764 785 1803 pecuniam
813 1773 945 1794 omnem

267 1816 368 1838 suam
384 1806 527 1838 dz'oeerat
542 1806 607 1839 und
622 1817 860 1850 quaecumque
872 1810 948 1839 sine

269 1852 336 1883 lzoc
360 1854 505 1883 auctore
530 1855 580 1883 est
604 1852 700 1884 dicta
721 1853 793 1894 dos,
820 1852 861 1885 ad
878 1853 947 1886 Att.

269 1895 305 1928 ll.
325 1898 355 1937 7,
374 1897 392 1929 3
419 1896 491 1928 alia
510 1897 638 1938 legatio
657 1898 752 1930 dicta
770 1901 856 1940 erat,
876 1899 948 1931 alia

268 1941 354 1973 data
380 1945 438 1973 est.
488 1941 565 1976 Sen.
592 1942 703 1975 Contr.
729 1943 750 1976 1.
777 1945 808 1984 6,
826 1946 845 1976 5
872 1946 948 1986 qui-

269 1986 350 2018 dam
387 1986 500 2019 dictas
533 1998 605 2019 non
642 1999 804 2031 accepere
841 1989 947 2021 dotes.

269 2031 330 2063 Ein
371 2032 518 2064 seltener
553 2032 745 2071 Gebrauch,
789 2033 946 2075 welcher,

270 2076 403 2109 woraus
434 2076 487 2110 die
524 2077 769 2111 alliterierende
806 2078 947 2111 Verbin-

267 2121 361 2164 dung
385 2122 445 2154 mit
470 2123 513 2154 do
538 2122 715 2164 hinweist,
747 2124 839 2156 seine
865 2123 946 2156 Ver-

268 2166 454 2209 anlassung
478 2167 510 2199 in
537 2167 594 2200 der
619 2168 849 2211 pr'atorischen
867 2168 946 2201 For-

269 2211 335 2244 mel
353 2212 409 2252 do,
427 2212 516 2252 dico,
534 2213 660 2245 addico
679 2214 746 2246 hat.
781 2214 814 2246 S.
833 2213 943 2256 Lange

268 2256 365 2290 Rom.
391 2256 534 2290 Altertli.
559 2257 581 2292 1.
609 2260 684 2292 367.
712 2260 786 2292 774.

314 2303 478 2343 hostium,
486 2302 544 2335 des
554 2303 757 2345 Ariarathes,
766 2303 859 2337 eines
870 2314 946 2347 cap-

269 2347 495 2389 padocischen
521 2346 793 2383 Stammfiirsten.

314 2394 344 2425 3.
370 2393 472 2424 Hunc
490 2412 531 2416 —
549 2404 680 2436 magna
704 2395 832 2427 studio.
868 2393 946 2427 Dies

269 2437 416 2477 geschab
458 2442 525 2470 erst
562 2438 723 2472 nachdem
760 2439 854 2472 Eum.
893 2439 946 2472 die

269 2482 474 2515 Anerbieten
507 2483 566 2516 des
603 2484 794 2518 Leonnatus
827 2494 946 2526 ausge-

268 2526 428 2568 schlagen
460 2528 494 2570 (ξ
521 2530 554 2569 4)
589 2529 657 2562 und
687 2529 808 2562 dessen
840 2529 943 2562 Plane

266 2570 344 2603 dem
358 2571 534 2606 Perdiccas
588 2574 817 2608 hinterhracht
850 2575 942 2607 hatte

1016 1266 1117 1304 (Plut.
1142 1266 1237 1300 Eum.
1263 1268 1307 1307 3),
1334 1267 1467 1300 worauf
1489 1267 1599 1300 dieser
1623 1267 1692 1300 ihm

1016 1312 1100 1344 auclt
1126 1311 1360 1354 Cappadocien
1386 1312 1551 1346 eroberte.

1060 1356 1120 1389 Die
1155 1356 1458 1399 Versprechungen
1494 1357 1553 1390 des
1590 1357 1696 1391 Leon-

1016 1406 1114 1434 natus
1139 1401 1291 1434 erwiihnt
1316 1401 1429 1444 Nepos
1455 1401 1566 1437 allein.

1063 1450 1091 1480 5.
1113 1447 1318 1488 perducere.
1349 1446 1572 1480 Gewohnlich
1596 1447 1692 1489 wird,

1016 1492 1081 1524 wie
1090 1491 1182 1524 Ham.
1192 1494 1222 1532 4,
1234 1494 1264 1532 3,
1275 1502 1315 1525 zu
1324 1490 1451 1525 diesem
1459 1491 1605 1526 Verbum
1615 1502 1690 1526 aus-

1017 1547 1070 1569 ser
1087 1536 1162 1569 dem
1181 1536 1281 1569 Satze
1305 1537 1368 1570 mit
1384 1540 1434 1579 ut,
1460 1537 1607 1571 welcher
1623 1537 1695 1571 hier

1015 1592 1076 1615 aus
1109 1582 1183 1615 dem
1217 1581 1523 1624 Vorhergehenden
1557 1584 1694 1625 ergfinzt

1016 1627 1112 1668 wird,
1142 1627 1228 1660 noch
1255 1638 1294 1659 eo
1318 1627 1551 1670 hinzugefugt.
1600 1627 1695 1661 Ohne

1016 1672 1087 1705 dies
1112 1675 1187 1714 sagt
1204 1672 1290 1705 auch
1309 1671 1417 1705 Plaut.
1435 1672 1535 1706 Most.
1552 1673 1576 1706 1.
1594 1675 1626 1715 3,
1651 1676 1692 1706 41

1014 1719 1046 1749 si
1071 1717 1175 1749 dictis
1197 1719 1321 1759 nequis
1341 1718 1511 1760 perduci,
1542 1721 1584 1751 ut
1610 1729 1695 1751 vera

1017 1764 1102 1794 haec·
1127 1762 1261 1795 credas.

1062 1807 1154 1840 Nach
1180 1807 1268 1841 Plut.
1286 1807 1380 1841 Eum.
1401 1809 1420 1840 3
1444 1807 1694 1851 beabsichtigte

1018 1853 1142 1887 Leonn.
1167 1853 1260 1886 nicht
1285 1852 1350 1886 den
1373 1852 1468 1886 Eum.
1493 1863 1535 1886 zu
1564 1853 1693 1895 todten‚

1017 1897 1161 1931 sondern
1187 1898 1296 1931 dieser
1313 1897 1482 1931 entfernte
1498 1897 1571 1930 sich
1589 1898 1693 1931 heim-

1018 1943 1095 1985 lich,
1121 1943 1294 1976 entweder
1313 1943 1391 1975 weil
1416 1942 1485 1975 ihm
1501 1942 1692 1977 Leonnatus

1017 1988 1094 2021 kein
1120 1988 1286 2021 Zutrauen
1311 1987 1503 2029 einssosste,
1528 1987 1608 2021 oder
1632 1998 1692 2022 aus

1016 2033 1138 2066 Furcht
1175 2043 1237 2065 vor
1271 2033 1399 2065 seinem
1438 2032 1561 2066 Feinde
1598 2032 1694 2066 Anti·

1015 2081 1119 2121 pater.
1520 2110 1526 2115 ,

1058 2121 1094 2157 3.
1125 2125 1150 2155 1.
1199 2121 1249 2156 Ol.
1280 2124 1351 2164 114,
1378 2124 1521 2156 3=321.
1545 2141 1590 2147 —
1613 2122 1692 2156 Per-

1013 2167 1124 2201 diccas
1151 2177 1221 2200 war
1247 2167 1339 2200 nicht
1364 2178 1402 2201 so
1428 2168 1598 2210 schwach‚
1623 2168 1691 2202 und

1013 2223 1084 2246 was
1102 2212 1216 2255 Nepos
1242 2211 1323 2252 (und
1339 2212 1481 2255 Andere,
1507 2213 1572 2246 wie
1594 2213 1689 2248 Diod.

1012 2257 1123 2291 xvm.
1142 2259 1196 2291 42.
1215 2259 1271 2297 58)
1295 2257 1368 2291 hier
1391 2257 1459 2291 und
1484 2269 1512 2292 c.
1537 2261 1567 2299 5,
1593 2261 1613 2293 6
1639 2258 1689 2291 ffir

1013 2303 1121 2336 Treue
1139 2302 1198 2336 des
1215 2302 1309 2336 Eum.
1328 2303 1494 2345 ausgiebt,
1519 2313 1588 2336 war
1609 2303 1691 2336 Ehr-

1014 2348 1087 2387 geiz
1113 2347 1181 2382 und
1205 2346 1437 2390 Berechnung.
1485 2348 1578 2382 Eum.
1604 2348 1689 2382 hielt

1016 2394 1087 2426 sich
1122 2396 1207 2427 stets
1239 2403 1298 2426 zur
1326 2392 1544 2436 koniglichen
1567 2393 1690 2434 Partei,

1016 2438 1093 2471 weil
1119 2448 1154 2471 er
1178 2437 1229 2470 als
1253 2437 1441 2471 Ausliinder
1465 2448 1526 2471 nur
1550 2448 1588 2472 so
1613 2439 1688 2472 eine

1015 2483 1145 2526 gleiche
1179 2481 1259 2515 oder
1290 2483 1416 2516 hohere
1449 2481 1606 2526 Stellung
1639 2483 1688 2517 als

1014 2529 1067 2562 die
1098 2528 1239 2571 tibrigen
1265 2527 1464 2561 Heerfsihrer
1493 2527 1687 2572 behaupten

1014 2574 1141 2608 konnte
1155 2573 1257 2615 (Plut.
1272 2583 1379 2616 comp.
1395 2571 1481 2606 Sert.
1493 2577 1527 2606 et
1540 2573 1633 2608 Eum.
1643 2575 1687 2615 2).
