1780 2877
269 127 350 166 238
866 129 1035 164 ExcURS
1061 131 1098 164 Π.

269 253 346 274 eum
372 244 412 283 ii,
437 244 500 284 qui
521 243 654 282 flumen
681 244 898 283 transissent,
922 245 996 275 suis
1020 243 1199 275 aux-ilium
1222 242 1319 281 ferre
1333 254 1405 277 non
1417 249 1572 287 possent,
1597 256 1641 278 ne
1658 248 1700 278 ob

268 298 344 319 eam
360 297 436 319 rem
453 290 516 319 aut
529 298 615 320 suae
631 298 846 330 magnopere
863 289 993 320 virtuti
1010 290 1180 320 tm'hueret
1197 291 1261 320 aut
1275 291 1368 330 ipsos
1391 290 1590 332 despiceret.
1632 290 1701 324 Al-

268 338 360 366 tera
385 332 520 365 forma
547 338 612 366 est
637 333 691 374 (de
717 343 783 376 qua
809 333 881 366 sola
906 333 960 365 hie
986 332 1097 366 dicere
1121 333 1268 374 attinet),
1298 344 1387 366 cum
1413 335 1523 368 nihil
1549 336 1702 379 sequi-

268 383 354 418 tur,
378 377 490 411 unde
508 378 626 420 quod
642 378 865 422 particula
884 382 981 420 apta
999 378 1070 417 sit;
1097 388 1197 421 quam
1215 379 1497 422 compositionem
1515 381 1700 424 ellipticam

268 433 343 462 esse
368 422 492 463 iudico,
518 423 566 456 ita
591 429 628 456 ut
655 424 816 456 omissum
842 423 887 456 sit
910 423 954 465 id,
981 434 1048 466 quo
1074 423 1208 467 proprie
1234 424 1329 466 quod
1354 425 1518 467 particula
1541 426 1700 470 pertinet,

267 468 363 501 velut
380 468 422 501 de
439 469 506 500 hac
522 479 561 500 re
578 470 628 500 ita
647 471 771 510 sentio,
797 469 839 501 de
857 471 922 501 hac
938 480 978 501 re
995 470 1060 501 hoc
1077 469 1168 510 dico,
1193 469 1241 501 ad
1256 480 1331 501 eam
1348 480 1422 501 rem
1437 472 1490 503 ita
1505 471 1699 513 respondeo

269 519 303 547 et
328 513 460 546 similia.
502 512 629 546 Plenae
654 518 732 547 sunt
759 514 989 557 exemplorum
1016 514 1181 557 epistolae
1204 514 1374 548 Ciceronis
1399 518 1433 547 et
1457 515 1599 550 aliorum
1624 527 1700 549 cum

267 560 309 592 iis
326 558 580 599 coniunctae*).
619 558 672 591 Ad
689 559 766 593 fam.
785 559 808 593 I.
827 562 857 599 7,
875 561 894 592 2
918 559 1021 600 Quod
1042 561 1133 592 scire
1157 562 1220 601 vis,
1245 571 1316 602 qua
1341 562 1489 602 quisque
1510 562 1550 593 in
1573 564 1607 593 te
1630 561 1701 602 fide

266 607 314 637 sit
337 607 370 636 et
393 603 591 644 voluntate,
624 603 774 643 difficile
806 604 904 636 dictu
929 608 979 636 est
1003 605 1044 636 de
1066 605 1228 646 singulis.
1255 608 1285 645 9,
1314 608 1342 646 1,
1369 605 1472 647 Quod
1494 609 1613 638 autem
1637 608 1703 638 tibi

264 652 375 692 grata
398 659 476 680 mea
500 659 585 690 erga
612 652 646 680 te
669 649 790 681 studia
806 651 932 681 scribis
950 660 1031 691 esse,
1053 650 1145 688 facis
1162 653 1200 682 tu
1218 651 1357 692 quidem
1375 651 1599 684 abundantia
1616 662 1701 693 qua—

268 695 351 727 dam
368 695 512 735 amoris,
536 698 577 726 ut
594 696 699 726 etiam
712 697 823 735 grata
839 696 912 725 sint
929 704 979 735 ea,
1006 705 1096 736 quae
1106 698 1349 737 praetermitti
1366 698 1443 728 sine
1465 695 1607 736 nefario
1631 707 1702 729 see-

269 741 340 773 lere
363 750 436 771 non
457 742 618 781 possunt.
643 741 675 780 9,
701 740 742 772 23
771 739 873 780 Quod
895 749 1015 781 rogas,
1042 743 1081 771 ut
1103 750 1180 772 mea
1205 742 1271 772 tihi
1288 743 1421 783 scripta
1438 743 1587 784 mittam,
1612 752 1703 784 quae

263 789 347 828 post
372 785 561 817 discessum
588 788 685 817 tuum
709 786 925 826 scripserim,
949 787 1034 816 sunt
1058 787 1240 817 orationes
1265 787 1448 828 quaedam,
1473 798 1560 829 quas
1584 787 1703 819 Meno-

271 833 360 863 crito
386 829 486 862 dabo.
527 829 580 862 Ad
598 829 636 868 Q.
657 831 694 863 sr.
713 830 735 864 Ι.
754 831 785 871 2,
805 832 824 863 2
852 829 955 871 Quod
977 834 1094 862 autem
1117 830 1252 862 idcirco
1279 841 1300 862 a
1326 834 1357 862 te
1379 834 1504 864 missus
1528 835 1590 874 est,
1613 833 1704 864 milti

267 879 308 908 ut
331 887 365 907 se
386 879 582 917 purgaret,
617 875 655 907 id
686 886 822 907 necesse
849 877 993 907 minime
1017 874 1100 914 s'uit.
1152 877 1190 908 12
1219 875 1322 916 Quod
1345 876 1394 908 ad
1414 887 1468 908 me
1493 877 1535 909 de
1558 878 1702 910 Hermia

266 922 403 961 scribis,
427 922 517 952 milii
540 921 736 953 mehercule
760 920 864 953 valde
887 921 1072 962 molestum
1098 920 1183 959 fuit.
1222 920 1258 953 ll.
1286 922 1316 963 2,
1344 923 1358 954 1
1388 921 1490 962 Quod
1513 922 1561 954 ad
1581 933 1635 955 me
1661 923 1703 955 de

266 966 413 999 Lentuli
438 969 472 998 et
496 966 601 998 Sestii
625 968 767 998 nomine
791 968 964 1009 scripsisti
971 992 980 1007 ,
1014 966 1153 998 locutus
1176 976 1252 998 sum
1279 976 1358 998 eum
1384 966 1515 999 Cincio.
1555 966 1607 1000 Ad
1630 967 1701 1000 Att.

267 1011 289 1046 I.
310 1014 340 1054 3,
366 1014 385 1045 3
413 1011 516 1052 Quod
539 1011 586 1044 ad
610 1022 663 1043 me
685 1022 788 1054 saepe
811 1013 985 1054 scripsisti
1010 1012 1052 1044 de
1075 1014 1198 1043 nostro
1225 1013 1339 1044 amico
1360 1011 1552 1054 placando,
1575 1010 1647 1051 feei
1670 1016 1704 1044 et

269 1060 437 1099 eaepertus
460 1067 537 1088 sum
561 1059 691 1089 omnia.
716 1060 749 1099 4,
767 1059 786 1090 3
807 1057 908 1098 Quod
931 1057 979 1089 ad
993 1068 1048 1089 me
1066 1057 1107 1089 cle
1123 1057 1362 1089 Hermathena
1378 1059 1514 1099 scribis,
1532 1068 1601 1100 per
1617 1059 1704 1090 milii

264 1105 414 1145 gratum
439 1106 489 1134 est
512 1106 545 1134 et
570 1105 815 1134 ornamentum
840 1102 1053 1135 Academiae
1074 1104 1262 1144 proprium
1285 1113 1392 1135 meae.
1428 1105 1459 1144 5,
1486 1104 1504 1135 2
1531 1103 1634 1144 Quod
1657 1102 1704 1135 ad

267 1159 322 1180 me
345 1149 470 1180 scribis
495 1148 536 1180 de
559 1159 682 1180 sorore
707 1152 778 1189 tua,
804 1150 898 1180 testis
924 1150 992 1180 erit
1016 1149 1081 1180 tibi
1104 1150 1197 1190 ipsa,
1223 1151 1381 1190 quantae
1404 1149 1493 1180 milti
1517 1158 1624 1180 curae
1646 1146 1703 1187 fu-

270 1196 349 1235 erit,
371 1196 413 1224 ut
438 1194 561 1233 Quinti
583 1192 713 1231 fratris
737 1195 877 1226 animus
901 1195 940 1225 in
966 1204 1041 1225 eam
1067 1196 1153 1225 esset
1176 1196 1224 1235 is,
1259 1195 1321 1235 qui
1345 1204 1416 1225 esse
1440 1194 1588 1226 deberet.
1634 1192 1704 1225 Ali-

270 1249 365 1272 orum
390 1238 545 1281 exempla
570 1238 654 1271 haec
679 1243 767 1271 sunt.
808 1238 967 1271 Afranius
988 1241 1050 1273 116
1068 1238 1161 1271 svam
1176 1239 1290 1281 proba
1308 1241 1342 1270 et
1356 1239 1489 1281 pudica
1507 1239 1603 1280 quod
1616 1248 1703 1279 sum,

270 1283 414 1317 consulo
442 1286 475 1315 et
495 1294 606 1325 pareo
631 1285 730 1315 mihi.
778 1284 891 1316 Attius
914 1282 1021 1316 Bruto
1048 1285 1089 1317 36
1114 1283 1207 1316 ivam
1232 1284 1327 1325 quod
1350 1284 1398 1316 ad
1420 1284 1585 1317 dea-tram
1607 1283 1704 1326 Cepit

270 1339 412 1362 cursum
437 1330 479 1360 ab
505 1329 605 1361 laeva
628 1331 771 1371 signum
790 1333 1016 1371 praepotens,
1036 1329 1277 1371 pulcherrime
1300 1330 1530 1371 Auguratum
1555 1331 1606 1360 est
1630 1338 1703 1360 rem

268 1375 465 1408 Romanam
487 1374 667 1416 publicam
690 1385 863 1406 summam
887 1374 979 1413 fore.
1005 1374 1130 1416 Vergil.
1157 1375 1239 1408 Aen.
1265 1374 1301 1407 II.
1332 1376 1392 1408 180
1416 1375 1465 1407 Et
1487 1385 1582 1406 nunc
1609 1373 1705 1415 quod

263 1422 407 1464 patrias
430 1423 536 1451 vento
559 1422 692 1460 petiere
716 1419 901 1463 Mycenas,
928 1421 1040 1452 Arma
1066 1420 1216 1461 deosque
1235 1423 1372 1461 parant
1396 1421 1538 1452 comites
1559 1419 1704 1461 pelago-

271 1477 338 1508 que
361 1476 518 1497 remenso
544 1466 732 1507 Improvisz'
756 1465 919 1497 aderunt.
960 1464 1113 1507 Propert.
1138 1464 1181 1496 lv
1206 1464 1281 1505 (Ill).
1301 1465 1331 1505 2,
1357 1468 1376 1498 9
1404 1465 1506 1505 Quod
1527 1475 1600 1496 non
1621 1463 1704 1496 Tae-

269 1512 385 1544 nariis
402 1510 526 1542 domus
543 1514 593 1542 est
609 1512 698 1542 milii
713 1510 806 1548 fulta
830 1510 1004 1542 columnis
1021 1509 1095 1542 Nec
1120 1520 1260 1542 camera
1285 1513 1432 1542 auratas
1454 1512 1550 1542 inter
1575 1510 1709 1541 eburna

272 1558 388 1589 trabes
412 1555 486 1588 Nec
509 1566 586 1588 mea
612 1557 790 1588 Phaeacas
813 1558 970 1597 aequant
990 1557 1155 1597 pomaria
1178 1555 1305 1595 silvas,
1330 1554 1413 1587 Non
1439 1565 1585 1596 operosa
1609 1556 1708 1596 rigat

272 1602 421 1635 Mirez'us
446 1604 553 1634 antra
578 1601 719 1643 liquor:
743 1602 792 1633 At
816 1600 937 1633 Musae
963 1602 1106 1632 comites
1130 1603 1163 1632 et
1188 1602 1349 1632 carmina
1371 1603 1483 1642 grata
1508 1600 1638 1642 legenti
1661 1599 1709 1631 Et

273 1647 409 1685 defessa
428 1648 546 1679 cltorzs
565 1647 741 1688 Calliopea
759 1648 854 1678 meis.
881 1645 976 1678 Ovid.
995 1656 1023 1678 a.
1043 1656 1070 1678 a.
1089 1645 1111 1678 l.
1130 1647 1192 1678 261
1214 1645 1279 1677 Illa
1298 1645 1393 1687 quod
1407 1649 1458 1677 est
1474 1647 1590 1687 virgo,
1614 1644 1710 1687 quod

274 1693 344 1724 tela
370 1692 554 1734 Cupidinis
580 1692 672 1731 odit,
699 1687 813 1724 Multa
838 1692 935 1723 (ledit
956 1691 1089 1732 populo
1116 1690 1274 1732 vulnera,
1299 1690 1412 1722 multa
1436 1690 1544 1724 dabit.
1569 1689 1705 1723 Petron.

275 1740 339 1771 104
364 1737 563 1779 Encolpion
589 1737 684 1779 quod
708 1738 870 1779 quaeris,
894 1738 982 1768 seito
1009 1747 1030 1767 a
1054 1746 1108 1768 me
1132 1738 1171 1768 in
1195 1746 1320 1768 navem
1345 1739 1443 1768 tuam
1467 1747 1537 1768 esse
1555 1735 1708 1778 perdue—

274 1787 359 1815 tum.
386 1782 489 1815 Silius
513 1782 565 1815 XI.
586 1785 647 1816 327
670 1783 852 1815 Summum
869 1781 964 1823 quod
981 1781 1094 1813 credis
1112 1784 1146 1813 et
1161 1792 1293 1823 aequas
1309 1781 1543 1813 Hannibalem
1559 1781 1707 1823 superer,

275 1840 293 1860 o
320 1832 491 1869 quantum
512 1829 654 1859 nomine
669 1829 786 1859 maior
802 1827 878 1858 Iam
895 1828 1011 1859 Poeno
1037 1828 1101 1858 tibi
1124 1831 1230 1859 natus
1247 1829 1326 1860 erit.
1352 1826 1492 1861 Sueton.
1511 1837 1558 1869 gr.
1580 1829 1595 1859 1
1615 1824 1707 1859 Nam

274 1873 369 1916 quod
392 1873 557 1904 nonnulli
583 1873 733 1905 tradunt
758 1873 845 1905 duos
870 1873 978 1904 libros
1003 1872 1044 1904 de
1069 1872 1196 1904 litteris
1218 1872 1445 1915 syllabisque,
1468 1874 1553 1904 item
1578 1872 1621 1904 de
1637 1881 1708 1903 me-

274 1921 338 1951 tris
362 1920 404 1950 ab
431 1918 550 1950 eodem
574 1918 692 1951 Ennio
720 1918 842 1959 edito-5,
866 1920 946 1950 iure
971 1920 1093 1959 arguit
1120 1918 1157 1950 L.
1182 1917 1285 1950 Cotta
1308 1928 1381 1950 non
1403 1919 1541 1960 poetae,
1563 1916 1626 1948 sed
1643 1926 1708 1958 po-

271 1965 434 1997 sterioris
451 1964 564 1995 Ennii
587 1975 667 1996 esse.
708 1963 861 2006 Denique
878 1963 1018 2006 Nepos
1036 1963 1061 1994 E
1073 1973 1143 1996 um.
1162 1966 1194 2004 9,
1213 1965 1231 1995 ’2
1250 1962 1341 1995 Nam
1359 1963 1455 2004 quod
1470 1963 1591 1994 diebus
1608 1963 1710 2003 quin-

274 2021 340 2052 que
364 2010 473 2041 lzostz's
490 2011 658 2041 transisse
672 2012 799 2051 posset,
824 2019 859 2041 se
876 2008 1104 2050 effecturum,
1128 2012 1170 2040 ut
1183 2019 1256 2040 non
1272 2009 1390 2039 minus
1407 2007 1552 2039 totidem
1569 2006 1708 2038 dierum

272 2057 386 2098 spatio
411 2054 672 2087 retardaretur.
714 2054 786 2093 Quo
812 2054 888 2087 loco
915 2064 979 2096 ego
1006 2053 1085 2086 olim
1111 2053 1207 2095 quod
1229 2063 1416 2095 pronomen
1442 2062 1517 2085 esse
1541 2051 1706 2084 iudicavi:

273 2111 363 2133 nunc
388 2099 523 2142 ellipsin
548 2100 727 2133 verborum
752 2102 791 2132 in
816 2111 866 2141 eo,
892 2109 978 2142 quae
1003 2098 1084 2130 mihi
1109 2103 1188 2140 post
1211 2101 1253 2129 ut
1275 2097 1473 2141 particulam
1500 2096 1709 2139 cogitatione

275 2145 464 2188 supplenda
482 2144 694 2187 videbantur,
713 2145 885 2178 serendam
903 2154 970 2176 non
989 2153 1064 2176 esse
1082 2143 1258 2185 intellego.
1293 2143 1474 2175 Transisse
1491 2146 1604 2175 autem
1616 2145 1708 2174 recte

275 2190 454 2224 Sibelisius
479 2190 693 2223 intransitive
719 2190 868 2233 positum
893 2189 1031 2228 statuit,
1063 2193 1101 2221 ut
1133 2188 1352 2231 intellegatur
1381 2199 1426 2220 eac
1450 2187 1569 2220 Media
1593 2187 1641 2220 ad
1662 2197 1709 2227 se,

275 2237 341 2269 nisi
367 2236 457 2279 quod
483 2235 524 2268 de
548 2235 722 2268 montibus
747 2235 895 2277 cogitare
921 2245 987 2267 non
1014 2234 1171 2275 debebat,
1197 2244 1272 2267 curn
1294 2244 1393 2266 omne
1411 2233 1557 2276 spatium
1575 2231 1707 2266 transiri

275 2281 415 2314 dicatur.
465 2280 583 2323 Neque
610 2281 709 2321 enim,
736 2281 826 2324 quod
852 2280 927 2312 aliis
954 2279 1063 2312 visum
1089 2283 1152 2317 est,
1177 2279 1348 2312 obiectum
1374 2279 1485 2311 omitti
1510 2277 1632 2320 potuit.

391 2325 456 2358 Ubi
482 2330 595 2358 autem
620 2326 653 2358 in
679 2325 871 2359 huiusmodi
896 2325 1081 2358 enuntiatis
1113 2324 1241 2368 aliquid
1266 2323 1405 2366 fingitur
1429 2323 1485 2356 vel
1509 2322 1581 2356 fieri
1605 2331 1709 2365 posse

277 2371 498 2414 significatur,
525 2372 619 2413 quod
642 2371 827 2415 particulae
853 2370 1047 2413 adiungitur
1072 2369 1319 2411 coniunctivuS,
1346 2369 1441 2402 cuius
1465 2378 1547 2401 usus
1566 2367 1656 2410 prior
1674 2372 1708 2399 et

392 2465 424 2505 *)
449 2462 643 2506 Nipperdey
670 2462 729 2495 hat
754 2462 847 2494 nicht
871 2461 1024 2503 weniger
1045 2460 1094 2493 als
1116 2462 1176 2494 170
1194 2459 1364 2503 Beispiele
1386 2458 1496 2491 dieses
1513 2457 1709 2490 Gebrauchs

278 2519 343 2541 ron
372 2508 466 2550 quod
490 2518 550 2540 aus
578 2508 711 2540 Ciceros
741 2506 877 2540 Briesen
902 2505 1248 2547 zusammengestellt.
1296 2505 1340 2537 Es
1365 2506 1494 2546 geniigt
1518 2502 1598 2535 aber
1621 2502 1709 2536 voll-

279 2553 428 2595 st'audig.
462 2564 561 2585 wenn
594 2553 656 2585 wir
686 2553 758 2585 hier
790 2562 850 2585 aus
877 2551 975 2593 J'eder
1005 2551 1062 2583 der
1093 2550 1162 2583 drei
1187 2548 1515 2590 Briefsammlungen
1549 2548 1602 2581 die
1637 2547 1706 2580 drei

279 2603 390 2630 ersten
414 2598 585 2640 Beispiele
611 2598 798 2631 nussum-en.
