1780 2877
237 109 316 150 138

741 112 839 145 XVII.
863 112 1112 146 AGESILAUS.
1137 115 1168 147 2.

349 229 420 268 Hic
441 229 675 280 simulatque
697 229 849 280 imperii
866 229 1014 280 potitus
1035 234 1105 277 est,
1125 230 1318 280 persuasit
1334 230 1663 277 Lacedaemoniis,

236 292 278 325 ut
298 285 491 325 exercitus
512 286 738 325 emitterent
757 286 797 325 in
815 286 944 325 Asiam
965 285 1190 336 bellumque
1210 286 1293 337 regi
1308 286 1494 334 facerent,
1516 287 1664 326 docens

234 343 354 382 satius
375 356 459 382 esse
479 343 520 382 in
542 342 630 382 Asia
647 355 763 393 quam
784 343 824 381 in
842 343 1001 394 Europa
1020 342 1207 381 dimicari.
1247 343 1422 394 Namque
1442 344 1543 382 fama
1559 343 1663 382 exie-

233 406 293 438 rat
314 401 553 438 Artaxerxen
575 412 803 451 comparare
824 399 956 439 classis
975 399 1247 450 pedestrisque
1268 399 1480 448 exercitus,
1501 412 1601 451 quos
1621 400 1662 439 in

189 461 208 493 ‘2
238 455 438 496 Graeciam
470 456 653 495 mitteret.
695 457 789 495 Data
818 462 1010 508 potestate
1038 462 1146 495 tanta
1175 456 1372 495 celeritate
1396 469 1491 496 usus
1511 462 1587 506 est,
1620 463 1664 495 ut

234 513 343 564 prius
363 513 403 552 in
426 513 554 551 Asiam
584 525 673 551 cum
695 513 819 565 copiis
839 513 1082 565 pervenerit,
1112 525 1228 564 quam
1249 513 1346 564 regii
1373 519 1549 564 satrapae
1572 525 1663 553 eum

234 570 382 609 scirent
401 570 634 621 profectum.
676 569 763 615 Quo
785 571 931 609 factum
953 576 1031 617 est,
1061 576 1105 609 ut
1126 570 1254 609 omnis
1283 570 1495 621 imparatos
1513 569 1663 621 impru-

191 632 210 663 3
239 627 454 677 dentesque
472 626 700 665 offenderet.
741 626 783 665 Id
805 632 849 665 ut
869 626 1053 677 cognovit
1069 626 1362 678 Tissaphernes,
1384 626 1451 678 qui
1465 639 1663 666 summum

234 683 442 734 imperium
464 689 547 721 tum
568 682 673 722 inter
692 684 912 734 praefectos
932 683 1098 722 habebat
1116 683 1258 735 regios,
1280 683 1450 723 indutias
1470 696 1491 722 a
1507 683 1664 722 Lacone

232 740 387 791 petivit,
419 739 608 778 simulans
635 751 676 778 se
706 740 797 778 dare
819 751 1000 791 operam,
1030 745 1074 778 ut
1102 739 1420 779 Lacedaemoniis
1450 752 1540 779 cum
1569 752 1662 792 rege

234 796 478 843 conveniret,
500 808 543 834 re
563 802 692 835 autem
714 808 803 834 vera
825 796 871 834 ad
892 795 1024 847 copias
1045 797 1344 847 comparandas,
1375 809 1517 848 easque
1538 797 1663 848 impe-

236 853 349 891 travit
378 852 628 892 trimenstris.
669 852 813 891 Iuravit
842 858 973 892 autem
1003 858 1170 903 uterque
1198 866 1240 892 se
1261 853 1345 892 sine
1373 854 1462 892 dolo
1493 853 1663 893 indutias

232 915 567 949 conservaturum.
608 910 654 948 In
685 922 759 961 qua
780 909 964 961 pactione
992 921 1143 948 summa
1172 910 1247 948 fide
1275 910 1419 949 mansit
1441 910 1662 961 Agesilaus3

184 973 197 981 ⁷
231 973 369 1005 contra
391 979 434 1005 ea
456 966 739 1018 Tissaphernes
767 966 864 1005 nihil
893 966 996 1005 aliud
1019 978 1134 1017 quam
1155 966 1301 1005 bellum
1329 966 1579 1017 comparavit.
1619 967 1662 1005 Id

233 1023 304 1063 etsi
325 1023 520 1063 sentiebat
540 1023 663 1071 Laco,
693 1030 823 1062 tamen
848 1023 1119 1062 iusiurandum
1149 1023 1326 1062 servabat
1353 1023 1600 1074 multumque
1620 1023 1661 1062 in

232 1093 278 1119 eo
301 1093 342 1119 se
363 1080 553 1131 consequi
582 1080 753 1128 dicebat,
786 1081 891 1131 quod
920 1080 1204 1131 Tissaphernes
1234 1079 1408 1132 periurio
1439 1093 1508 1119 suo
1531 1085 1570 1119 et
1589 1080 1662 1119 ho—

231 1137 358 1176 mines
377 1137 458 1176 suis
473 1137 592 1176 rebus
608 1137 846 1176 abalienaret
862 1142 900 1175 et
916 1137 1010 1176 deos
1026 1136 1099 1176 sibi
1119 1137 1238 1176 iratos
1253 1137 1452 1186 redderet3
1473 1149 1514 1176 se
1529 1142 1662 1176 autem

277 1247 313 1283 2.
343 1252 368 1282 l.
417 1249 467 1283 01.
494 1251 547 1290 95,
572 1251 716 1283 4=396.
765 1248 826 1281 Die
851 1249 911 1281 La-

233 1294 447 1327 ced'amonier
471 1294 607 1327 fiihrten
639 1295 745 1327 sehon
769 1295 834 1327 seit
860 1293 909 1327 01.

233 1342 288 1381 95,
312 1342 438 1373 1:400
457 1340 558 1382 Krieg
575 1340 609 1372 in
626 1340 729 1372 Asien
755 1340 815 1373 mit
835 1339 911 1372 dem

231 1384 352 1427 Konig.
401 1385 485 1418 Dass
518 1385 571 1418 die
604 1384 766 1428 Meldung
798 1385 912 1427 einge-

232 1440 376 1473 gangen,
394 1431 451 1463 der
468 1430 579 1473 Konig
597 1433 688 1463 riiste
706 1431 780 1463 eine
798 1431 909 1463 Flotte

231 1475 299 1508 und
335 1476 389 1508 ein
414 1476 586 1508 Landheer
618 1486 674 1508 um
709 1476 794 1509 nach
819 1476 911 1509 Grie-

232 1521 400 1553 clienland
439 1522 700 1563 tiberzusetzen‚
741 1521 908 1554 berichtet

231 1565 346 1609 Nepos
385 1567 470 1599 nach
502 1566 713 1599 Pseudoxen.
745 1568 846 1609 Ages.
879 1569 906 1608 1,

231 1615 260 1644 6.
296 1613 326 1645 S.
382 1612 426 1644 Er
454 1615 583 1645 riistete
620 1612 700 1645 aber
735 1623 796 1645 nur
832 1612 906 1645 eine

229 1656 342 1689 Flotte
367 1657 448 1697 (und
474 1668 536 1690 nur
567 1657 639 1690 dies
664 1657 758 1690 ward
782 1657 907 1700 gemel·

229 1702 319 1742 det),
356 1713 412 1735 um
449 1702 502 1735 die
535 1703 795 1736 Laced'amonier
827 1713 907 1736 vom

227 1746 339 1780 Meere
365 1758 406 1780 zu
430 1748 621 1781 vertreiben
639 1748 735 1786 (Xen.
754 1748 840 1781 Hell.
857 1748 906 1782 111.

230 1795 261 1829 4,
297 1796 324 1826 1.
358 1792 447 1826 Plut.
481 1794 582 1836 Ages.
617 1795 660 1835 6).
716 1793 786 1826 Aur
815 1793 908 1827 diese

228 1837 411 1871 Nachricht
443 1839 537 1871 ward
567 1840 668 1882 Ages.
702 1839 763 1871 mit
798 1849 909 1872 neuen

227 1882 387 1926 Truppen
405 1884 491 1916 nach
508 1884 612 1918 Asien
638 1884 792 1927 gesandt.
830 1884 906 1927 Vgl.

225 1938 267 1961 zu
293 1929 372 1962 Con.
400 1931 431 1964 2.

272 1976 424 2017 imperii.
472 1974 506 2007 S.
532 1975 608 2018 Lys.
638 1977 666 2016 1,
692 1977 723 2008 4.

271 2019 381 2053 Ueber
411 2020 464 2052 die
492 2019 627 2053 Plurale
662 2022 840 2052 exereitus
863 2040 907 2043 ——

225 2066 345 2098 elassis
376 2066 621 2108 pedestrisque
660 2067 839 2098 emer-citus
875 2076 900 2098 s.

225 2121 266 2143 zu
292 2111 409 2144 Them.
435 2113 466 2151 2,
492 2114 521 2145 5.

270 2159 300 2190 2.
328 2156 402 2189 Von
420 2156 479 2189 der
495 2166 636 2198 grossen
654 2155 903 2198 Schnelligkeit

223 2201 282 2234 des
306 2203 368 2244 Ag.
394 2201 561 2234 berichtet
585 2201 700 2244 Nepos
725 2201 838 2234 allein.

268 2249 297 2281 3.
324 2247 374 2288 ld,
399 2247 499 2280 niiml.
525 2257 603 2278 eum
625 2248 664 2279 in
680 2248 804 2279 Asiam
822 2257 900 2278 cum

223 2295 333 2335 copiis
346 2294 548 2335 pervenisse
564 2293 599 2336 (ξ
622 2293 665 2334 2).
715 2291 749 2326 S.
769 2302 811 2325 zu
828 2291 898 2325 Pel.

222 2339 254 2379 5,
279 2339 308 2372 2.

264 2382 467 2425 praefectos
492 2383 558 2415 wie
584 2383 663 2415 Con.
690 2384 721 2424 2,
746 2384 777 2416 4.

267 2431 296 2461 4.
332 2429 422 2461 nihil
452 2429 555 2460 aliud
585 2438 690 2470 quam
722 2427 775 2460 siir
809 2427 902 2459 nihil

223 2473 322 2505 aliud
344 2473 431 2512 fecit
449 2474 530 2507 oder
547 2476 621 2515 egit
638 2484 752 2515 qnam.
801 2472 899 2505 Diese

222 2518 525 2552 Ausdrucksweise
543 2519 648 2552 findet
666 2519 737 2551 sich
756 2519 808 2551 bei
835 2517 900 2550 Ne-

220 2573 283 2605 pos
309 2574 369 2595 nur
394 2564 464 2597 hier
489 2565 557 2597 und
580 2564 624 2597 ist
658 2564 743 2597 auch
768 2564 823 2596 bei
848 2563 899 2595 Ci-

980 1258 1057 1281 cero
1083 1247 1209 1289 selten,
1242 1247 1308 1280 wie
1333 1258 1364 1290 p.
1390 1247 1489 1280 Arch.
1515 1250 1547 1289 4,
1573 1249 1593 1281 8
1630 1250 1663 1279 si

979 1293 1073 1325 m‘lzil
1095 1293 1198 1325 aliud
1219 1295 1290 1325 nisi
1306 1293 1348 1325 de
1364 1295 1508 1326 civitate
1525 1304 1567 1326 ae
1584 1294 1660 1335 lege

981 1340 1143 1380 dicimus,
1168 1349 1200 1381 p.
1227 1338 1314 1371 Sest.
1341 1341 1371 1379 6,
1396 1341 1432 1371 14
1450 1338 1544 1371 nillil
1559 1339 1661 1371 aliud

978 1386 1052 1416 nisi
1075 1394 1189 1416 meum
1213 1394 1341 1416 nomen
1358 1394 1569 1425 causamque
1585 1394 1659 1416 sus-

980 1432 1108 1471 tinuit,
1140 1428 1232 1462 Verr.
1259 1429 1280 1461 I.
1315 1430 1368 1470 58,
1396 1431 1458 1462 152
1494 1431 1588 1461 venit
1618 1431 1656 1461 in

979 1475 1162 1515 iudicium,
1186 1476 1218 1506 si
1233 1475 1328 1506 nihil
1341 1475 1452 1516 aliud,
1477 1475 1601 1506 saltem
1617 1478 1659 1506 ut

980 1531 1069 1561 eum,
1084 1522 1184 1553 euius
1199 1531 1305 1562 opera
1319 1522 1393 1562 ipse
1405 1520 1532 1552 multos
1544 1530 1658 1552 annos

981 1569 1067 1598 esset
1082 1569 1121 1597 in
1136 1567 1310 1607 sordibus,
1332 1565 1440 1608 paulo
1465 1569 1582 1598 tamem
1601 1567 1658 1597 ob-

976 1612 1123 1644 solenus
1147 1613 1310 1643 vestitum
1327 1611 1472 1652 videret,
1497 1610 1583 1644 Phil.
1602 1610 1655 1644 VI.

978 1659 1008 1698 7,
1025 1659 1064 1690 19
1079 1659 1143 1688 aut
1156 1658 1306 1689 vincatis
1318 1659 1459 1698 oportet
1475 1659 1540 1688 aut
1555 1656 1656 1698 quid-

976 1704 1029 1734 vis
1048 1704 1171 1745 potius
1187 1712 1292 1744 quam
1315 1704 1487 1743 serviatis,
1511 1702 1554 1735 ad
1575 1701 1653 1735 fam.

975 1747 1042 1781 XII.
1079 1750 1107 1789 1,
1141 1749 1159 1780 2
1192 1748 1269 1779 ulta
1299 1758 1383 1779 suas
1410 1749 1566 1779 iniurias
1605 1751 1656 1779 est

972 1804 1042 1835 per
1075 1804 1137 1825 vos
1171 1795 1324 1825 interitu
1359 1795 1526 1835 tyr-anni,
1561 1793 1656 1825 nihil

979 1838 1145 1881 a7nplius;
1164 1837 1279 1881 haufig
1288 1838 1353 1871 seit
1363 1838 1485 1871 Livius.
1506 1837 1654 1871 Draken-

976 1884 1082 1917 borch
1099 1894 1140 1916 zu
1157 1883 1274 1917 XXXI.
1289 1885 1343 1924 24,
1357 1886 1387 1917 3.
1404 1883 1526 1926 Zumpt
1540 1885 1559 1925 ς·
1574 1885 1651 1916 771.

977 1929 1082 1962 Hann.
1115 1931 1163 1970 10,
1185 1932 1198 1962 1
1226 1929 1333 1961 heisst
1356 1938 1392 1961 es
1415 1939 1528 1970 neque
1551 1928 1653 1960 aliud

977 1975 1172 2017 quidquam
1202 1976 1277 2015 egit
1304 1984 1409 2016 quam
1438 1984 1558 2015 regem
1593 1984 1652 2006 at·-

977 2022 1088 2052 mavit
1102 2019 1170 2052 und
1187 2019 1313 2052 ebenso
1338 2019 1391 2051 bei
1409 2018 1475 2052 Cic.
1501 2030 1532 2062 p.
1550 2018 1649 2052 Rosc.

970 2066 1045 2097 Am.
1071 2067 1124 2105 37,
1153 2066 1213 2097 108
1239 2064 1333 2096 nihil
1362 2064 1464 2096 uliud
1484 2064 1651 2103 fecemmt

969 2112 1042 2142 nisi
1056 2120 1130 2142 rem
1147 2110 1363 2151 detulerunt,
1380 2120 1412 2152 p.
1432 2109 1516 2143 Sull.
1537 2111 1587 2150 12,
1606 2112 1647 2143 35

969 2155 1062 2188 nihil
1086 2155 1188 2187 aliud
1210 2165 1352 2196 agerem
1376 2157 1446 2187 nisi
1470 2166 1558 2197 eum,
1588 2158 1650 2197 qui

969 2204 1156 2233 aecusatus
1173 2204 1270 2241 esset,
1295 2200 1529 2241 defenderem,
1555 2199 1648 2235 Verr.

970 2245 1010 2280 V.
1038 2248 1090 2283 22,
1117 2247 1169 2280 58.
1189 2247 1243 2286 39,
1266 2248 1336 2278 101.
1362 2245 1574 2283 'rusc.1.31,
1593 2248 1647 2279 75.

969 2292 1039 2324 Liv.
1064 2291 1118 2324 IV.
1136 2293 1190 2331 26,
1209 2293 1260 2325 12.
1278 2290 1426 2324 XXXIV.
1445 2293 1476 2333 2,
1497 2293 1547 2325 12,
1565 2290 1644 2323 XLI.

969 2339 1023 2378 23,
1051 2339 1090 2370 12
1118 2336 1233 2377 [Nilzz‘l
1256 2336 1357 2369 aliud
1379 2339 1452 2378 egit
1475 2347 1581 2378 quam
1603 2340 1647 2368 ut

967 2383 1038 2416 Att.
1068 2385 1103 2415 11
1146 2383 1188 2421 1.]

1014 2431 1043 2461 5.
1069 2408 1244 2459 se’aulem
1269 2429 1477 2459 conservata
1499 2426 1646 2468 religio-

966 2484 1010 2505 ne
1035 2484 1066 2507 u.
1093 2483 1118 2505 s.
1144 2483 1188 2506 w,
1238 2472 1396 2509 Schlecht
1420 2471 1504 2504 lasst
1527 2471 1644 2515 Nepos

968 2518 1034 2550 den
1066 2519 1127 2560 Ag.
1169 2517 1222 2550 die
1254 2517 1498 2558 Ermuthigung
1531 2517 1642 2550 seines

967 2563 1070 2596 Heers
1091 2563 1140 2595 als
1158 2562 1371 2606 Hauptsache
1388 2561 1456 2595 und
1473 2562 1526 2595 die
1543 2562 1644 2596 Hiilt'e
