1780 2877
205 90 287 129 244
802 91 971 126 EXCURS
1001 92 1051 126 Vl.

208 207 365 239 dolorem
390 205 636 247 (Hortensius),
670 216 747 238 cum
777 204 898 243 forum
919 207 1045 248 populi
1069 206 1238 246 Romani,
1272 207 1367 248 quod
1387 206 1514 246 fuisset
1537 209 1640 248 quasi

209 253 384 284 theatrum
408 252 506 284 illius
531 253 678 293 ingenii,
706 262 786 283 voce
812 251 954 284 erudita
977 251 1168 293 spoliatum
1186 252 1330 285 videret.
1366 252 1470 286 Acad.
1486 263 1533 295 pr.
1549 254 1580 293 9,
1596 253 1638 286 32

207 297 284 330 Alii
315 300 433 329 autem
467 296 684 339 elegantius,
718 298 780 338 qui
809 298 915 328 etiam
950 300 1168 338 queruntur,
1201 297 1296 339 quod
1319 308 1376 329 eos
1398 298 1641 330 insimulemus

209 344 328 375 omnia
361 344 500 375 incerta
533 342 660 374 dicere.
709 341 749 374 de
775 341 842 375 div.
868 341 890 375 1.
917 343 948 383 2,
975 344 993 375 3
1026 352 1163 374 omnem
1195 343 1288 374 lianc
1320 342 1562 386 (haruspicum)
1596 354 1641 376 ea·

207 389 361 421 Etruria
384 389 568 420 scientIam
593 387 817 428 adhibebant,
842 398 886 419 ne
906 398 1021 429 genus
1043 390 1129 420 esset
1149 387 1262 419 ullum
1280 387 1522 430 divinationis,
1547 389 1643 431 quod

206 434 406 476 neglectum
437 434 479 464 ab
510 435 555 464 iis
585 433 774 465 videretur.
825 432 919 465 Caes.
945 433 978 466 b.
1003 432 1041 467 G.
1067 433 1087 466 1.
1115 436 1146 475 5,
1171 436 1191 466 4
1223 433 1445 466 Persuadent
1466 432 1643 467 Rauracis

210 482 244 511 et
263 478 425 521 Tulingis
450 481 482 510 et
499 477 705 520 Latobrigis
730 478 906 520 finitimis,
930 480 986 510 uti
1011 479 1130 511 eodem
1155 480 1212 510 usi
1238 478 1385 511 consilio
1410 479 1549 521 oppidis
1567 481 1643 512 suis

208 526 365 566 vicisque
400 525 534 555 eoeustis
566 534 640 555 una
671 534 749 555 cum
783 526 826 555 iis
853 524 1144 566 proficiscantur.
1194 526 1225 566 6,
1250 526 1268 557 3
1294 524 1548 566 Allobrogibus
1570 535 1643 557 sese

212 570 265 602 vel
291 579 528 612 persuasurus
559 570 812 600 existimabant
843 569 899 600 vel
924 571 960 600 vi
985 572 1186 611 coacturos,
1219 573 1260 602 ut
1281 580 1347 612 per
1370 579 1452 601 suos
1475 569 1563 609 fines
1586 580 1644 602 eos

209 617 263 647 ire
284 617 507 658 paterentur.
558 617 610 655 11,
629 616 647 647 3
674 614 730 646 Ita
754 624 790 645 se
814 616 912 645 omni
935 617 1092 656 tempore
1117 615 1158 647 de
1173 615 1306 658 populo
1324 614 1482 648 Romano
1498 617 1644 648 meritos

210 672 292 702 esse,
316 664 357 692 ut
377 670 491 702 paene
513 661 552 691 in
578 662 767 702 conspectu
792 661 971 691 ezcercitus
995 662 1110 692 nostri
1132 662 1215 702 agri
1231 663 1376 702 vastari,
1403 660 1506 693 liberi
1523 671 1645 693 eorum

209 708 248 738 in
272 707 477 738 servitutem
502 705 649 747 abduci,
681 704 813 747 oppida
846 707 1053 747 eoepugnari
1075 715 1148 737 non
1174 705 1368 738 debuerint.
1421 708 1471 747 14,
1498 708 1516 740 3
1543 706 1648 747 Quod

210 754 242 783 si
266 753 394 783 veteris
419 750 653 783 contumeliae
679 750 841 782 oblivisci
873 750 995 791 vellet,
1030 760 1115 782 num
1145 752 1252 783 etiam
1274 754 1468 783 recentium
1492 753 1646 784 iniuria-

210 807 307 837 rum,
335 797 431 838 quod
459 807 498 828 eo
523 798 636 829 invito
661 797 732 828 iter
751 806 820 838 per
841 797 1067 838 provinciam
1088 806 1155 838 per
1180 797 1250 828 vim
1275 799 1521 838 temptassent,
1552 797 1648 839 quod

211 842 393 884 Haeduos,
419 842 515 884 quod
537 843 749 883 Ambarros,
775 842 871 883 quod
893 841 1107 883 Allobrogas
1131 844 1331 883 vexassent,
1359 844 1565 874 memoriam
1589 843 1647 875 de-

206 898 343 930 ponere
365 889 486 931 posse?
535 890 588 929 37,
614 889 633 921 2
659 887 799 919 Haedui
823 887 1034 928 (veniebant)
1060 891 1237 929 questum,
1263 887 1359 929 quod
1381 887 1560 928 Harudes,
1585 890 1648 930 qui

211 944 327 976 nuper
351 935 389 965 in
410 933 561 966 Galliam
580 935 818 976 transportati
833 936 955 975 essent,
980 932 1069 972 fines
1086 943 1208 965 eorum
1220 932 1495 975 popularentur.
1530 932 1567 966 II.
1584 935 1613 974 1,
1628 934 1647 966 2

213 979 309 1021 quod
340 982 564 1020 vererentur,
597 990 641 1011 ne
669 980 766 1011 omni
788 982 918 1021 pacata
947 978 1064 1011 Gallia
1089 979 1135 1011 ad
1159 989 1217 1011 eos
1242 980 1421 1011 ewereitus
1445 981 1566 1010 noster
1589 978 1649 1010 ad—

213 1025 413 1057 duceretur.
470 1023 510 1057 V.
537 1026 591 1066 27,
617 1026 637 1057 2
670 1024 752 1058 Sese
778 1035 848 1066 pro
876 1024 1036 1057 Caesaris
1070 1027 1107 1056 in
1135 1035 1170 1056 se
1195 1024 1375 1064 beneficiis
1397 1023 1593 1067 plurimum
1619 1025 1651 1055 ei

213 1069 381 1109 confiteri
405 1070 539 1112 debere,
560 1069 661 1112 ⁴quod
685 1072 759 1102 eius
784 1080 892 1113 opera
916 1070 1093 1112 stipendio
1112 1069 1281 1102 liberatus
1297 1072 1395 1110 esset,
1420 1069 1516 1111 quod
1529 1069 1651 1102 Adua-

213 1118 317 1157 tucis,
342 1115 504 1155 finitimis
527 1118 613 1157 suis,
634 1116 789 1158 pendere
814 1118 1023 1157 consuesset,
1048 1116 1212 1158 quodque
1236 1118 1268 1147 ei
1291 1118 1326 1147 et
1349 1115 1447 1155 filius
1472 1118 1506 1147 et
1520 1114 1651 1155 fratris

213 1161 310 1202 filius
335 1162 377 1192 ab
404 1161 552 1194 Caesare
575 1163 713 1193 remissi
738 1164 860 1193 essent.
906 1161 937 1194 b.
966 1172 992 1194 c.
1018 1160 1040 1194 I.
1068 1163 1098 1201 6,
1125 1163 1145 1194 6
1174 1160 1297 1203 Neque
1320 1164 1519 1204 eatpeclant,
1543 1163 1586 1194 ut
1609 1160 1652 1193 de

215 1216 337 1238 eorum
362 1208 511 1248 imperio
537 1207 584 1239 ad
604 1207 777 1250 populum
800 1206 957 1246 feratur.
1000 1208 1053 1246 35,
1072 1209 1092 1240 4
1117 1207 1150 1239 in
1176 1206 1330 1240 oratione
1355 1206 1496 1250 obliqua
1520 1206 1652 1249 legato-

214 1262 287 1284 rum
313 1250 577 1285 Massiliensium
603 1252 643 1285 de
669 1262 730 1285 sua
755 1252 895 1285 civitate
921 1252 1105 1285 dicentium
1139 1263 1291 1294 quorum
1321 1252 1412 1284 alter
1437 1262 1546 1294 agros
1569 1251 1651 1284 Vol-

216 1307 339 1330 carum
363 1298 657 1331 Arecomicorum
691 1301 724 1330 et
746 1297 951 1330 Helviorum
975 1297 1118 1340 publice
1141 1299 1187 1330 iis
1212 1299 1431 1331 concesserit.
1476 1297 1525 1330 111.
1551 1299 1605 1339 30,
1631 1300 1649 1330 5

213 1343 400 1385 Pompeius
433 1354 516 1376 suos
549 1355 668 1376 omnes
698 1346 826 1376 castris
852 1345 1033 1376 continuit
1053 1346 1224 1385 ignesque
1246 1343 1328 1384 fieri
1345 1343 1551 1386 prohibuit,
1583 1352 1651 1384 quo

217 1388 394 1421 occultior
418 1392 504 1421 esset
529 1391 604 1421 eius
629 1390 811 1422 adventus.
862 1389 942 1422 Sall.
967 1389 1036 1431 lug.
1063 1390 1118 1430 96,
1144 1391 1163 1422 2
1195 1391 1267 1431 ipse
1292 1390 1334 1421 ab
1359 1387 1458 1420 nullo
1483 1391 1652 1431 repetere,

217 1435 332 1476 magis
358 1434 396 1466 id
420 1434 595 1477 laborare,
621 1438 662 1467 ut
684 1435 740 1467 illi
765 1445 871 1477 quam
892 1434 1043 1476 plurimi
1067 1434 1240 1467 deberent.
1288 1434 1358 1468 Liv.
1377 1433 1399 1467 I.
1420 1436 1475 1475 54,
1493 1436 1512 1467 5
1535 1434 1654 1466 scisci-

219 1483 330 1512 tatum
354 1478 503 1512 Romam
528 1481 576 1512 ad
592 1483 735 1523 patrem
751 1482 874 1521 mittit,
900 1480 1071 1521 quidnam
1087 1491 1123 1511 se
1138 1478 1260 1518 facere
1280 1479 1390 1520 vellet,
1416 1479 1558 1521 quando
1576 1480 1653 1520 qui-

220 1525 307 1566 dem,
332 1528 374 1557 ut
399 1527 518 1558 omnia
542 1536 636 1558 unus
662 1525 781 1558 Gabiis
802 1528 928 1567 posset,
954 1527 986 1557 ei
1011 1525 1064 1557 dii
1087 1525 1274 1557 dedissent.
1316 1526 1370 1566 56,
1390 1526 1428 1557 10
1455 1524 1582 1567 cupido
1600 1525 1653 1556 in-

219 1572 322 1603 cessit
346 1573 485 1603 animes
507 1573 675 1603 iuvenum
698 1571 917 1612 sciscitandi,
942 1571 989 1603 ad
1012 1580 1113 1612 quem
1138 1581 1257 1602 eorum
1283 1579 1435 1611 regnum
1455 1568 1653 1602 Romanum

218 1619 306 1648 esset
331 1619 529 1649 venturum.
575 1616 691 1649 XXXI.
719 1618 778 1657 34,
808 1619 820 1649 1
855 1616 1040 1659 Philippus
1071 1615 1212 1657 aliquid
1235 1618 1269 1647 et
1292 1615 1340 1648 ad
1364 1617 1553 1648 caritatem
1574 1625 1653 1648 suo-

218 1672 298 1693 rum
325 1665 373 1702 et,
398 1664 440 1694 ut
459 1664 660 1704 promptius
678 1672 750 1704 pro
776 1673 814 1694 eo
838 1661 1000 1704 pericula
1026 1661 1189 1702 adirent,
1213 1664 1315 1693 ratus
1334 1659 1587 1703 profecturum
1608 1671 1653 1693 se.

218 1705 308 1740 Vell.
334 1706 370 1740 II.
400 1709 451 1748 15,
476 1709 495 1740 3
516 1718 583 1749 per
610 1718 728 1739 omnes
752 1717 865 1739 annos
889 1710 997 1748 atque
1022 1708 1142 1739 omnia
1174 1706 1262 1738 bella
1288 1706 1424 1749 duplici
1447 1717 1594 1739 numero
1619 1718 1655 1739 se

218 1752 375 1784 militum
400 1754 626 1794 equitumque
649 1751 760 1794 fungi
783 1763 896 1794 neque
920 1754 957 1784 in
982 1755 1057 1784 eius
1083 1754 1238 1785 civitatis
1260 1754 1315 1784 ius
1335 1754 1460 1795 recipi,
1486 1763 1577 1794 quae
1590 1762 1655 1794 per

220 1808 277 1829 eos
308 1800 348 1829 in
379 1797 418 1830 id
445 1799 562 1840 ipsum
591 1799 809 1840 pervenisset
831 1796 1033 1840 fastigium.
1082 1797 1172 1831 Curt.
1198 1796 1280 1830 VIII.
1308 1800 1338 1839 3,
1364 1800 1383 1831 5
1409 1799 1508 1830 abire
1533 1809 1550 1829 e
1575 1807 1655 1830 con-

219 1845 341 1885 spectu
366 1844 463 1875 iubet
486 1843 610 1876 addito
636 1846 730 1875 metu
756 1845 892 1885 mortis,
916 1845 948 1875 si
970 1855 1006 1875 se
1032 1843 1142 1876 oculis
1168 1845 1242 1875 eius
1266 1843 1458 1876 obtulisset.
1504 1845 1525 1878 6
1550 1853 1656 1876 orare

220 1899 292 1920 non
319 1888 464 1929 destitit,
488 1892 529 1921 ut
554 1889 619 1921 tali
643 1889 792 1922 consilio
815 1890 1010 1921 abstineret
1022 1892 1280 1932 patereturque
1296 1892 1438 1930 sortem,
1463 1898 1656 1930 quamcun-

221 1944 288 1976 que
312 1935 356 1965 iis
379 1932 531 1972 fortuna
550 1933 701 1973 fecisset.
739 1934 765 1967 T
769 1945 819 1969 ae.
833 1936 871 1967 A.
887 1934 940 1967 IV.
956 1937 996 1968 67
1017 1945 1231 1977 quamquam
1248 1934 1363 1967 edicto
1383 1936 1588 1975 monuisset,
1613 1944 1657 1966 ne

223 1982 300 2021 quis
326 1981 476 2021 quietem
501 1982 576 2012 eius
602 1982 826 2022 irrumperet.
875 1979 962 2013 H.11.
983 1984 1001 2012 9
1026 1980 1061 2012 Is
1085 1982 1122 2012 in
1148 1981 1359 2012 maestitiam
1385 1981 1599 2022 compositus
1624 1983 1656 2011 et

219 2024 327 2065 fidem
343 2035 490 2057 suorum
507 2026 685 2068 quondam
705 2026 858 2058 militum
876 2029 1056 2066 invocans,
1078 2028 1119 2057 ut
1135 2035 1213 2057 eum
1229 2028 1268 2057 in
1286 2024 1311 2057 S
1312 2026 1395 2068 yria
1413 2029 1476 2057 aut
1491 2025 1656 2068 Aegypto

220 2072 399 2112 sisterent,
426 2072 562 2104 orabat.
611 2070 796 2105 Suet.Ner.
816 2073 857 2105 32
882 2072 976 2103 Ante
1001 2072 1122 2103 omnia
1147 2071 1315 2112 instituit,
1339 2073 1381 2102 ut
1404 2082 1422 2101 e
1447 2070 1658 2103 libertorum

221 2114 475 2155 defunctorum
502 2118 602 2149 bonis
621 2127 691 2159 pro
716 2119 855 2148 semisse
880 2117 1031 2149 dextans
1056 2118 1087 2148 ei
1112 2118 1311 2157 cogeretur.

338 2160 481 2194 Paulum
507 2172 525 2195 a
551 2161 780 2205 superioribus
806 2161 965 2195 differunt
989 2162 1022 2194 hi
1048 2161 1125 2196 loci.
1168 2161 1252 2204 Nep.
1271 2160 1388 2194 Them.
1408 2162 1439 2202 8,
1458 2162 1476 2194 3
1504 2161 1558 2193 Ibi
1579 2171 1657 2194 cum

225 2208 299 2239 eius
321 2208 503 2250 principes
527 2207 836 2240 animadvertisset
860 2209 1000 2248 timere,
1031 2218 1075 2239 ne
1098 2210 1247 2250 propter
1270 2217 1306 2238 se
1331 2206 1458 2238 bellum
1482 2208 1529 2238 iis
1551 2206 1659 2239 Lace-

224 2252 405 2285 daemonii
429 2256 462 2285 et
484 2253 716 2286 Athenienses
741 2253 951 2286 indicerent.
1000 2252 1065 2285 Cic.
1093 2263 1124 2296 p.
1154 2251 1266 2291 Quint.
1292 2253 1345 2293 29,
1372 2253 1413 2286 88
1451 2251 1661 2292 confirmavi

225 2298 308 2331 Sea.
326 2297 502 2331 Naevium
528 2299 649 2331 diebus
674 2298 913 2342 compluribus
937 2302 1020 2331 ante
1047 2301 1083 2330 in
1106 2299 1359 2341 possessionem
1385 2299 1526 2338 misisse,
1555 2307 1658 2339 quam

220 2343 441 2385 postularet,
472 2346 527 2376 uti
560 2346 592 2376 ei
624 2345 745 2377 liceret
777 2346 869 2377 bona
899 2344 1079 2387 possidere
1088 2357 1100 2384 ,·
1139 2342 1231 2378 Verr.
1258 2342 1311 2375 Vl.
1339 2344 1399 2383 39,
1426 2345 1468 2376 84
1499 2342 1660 2375 Audistis

226 2399 340 2431 nuper
365 2389 482 2422 dicere
500 2390 634 2432 legatos
655 2389 922 2433 Tyndaritanos
939 2389 1170 2431 Mercurium,
1195 2391 1258 2431 qui
1273 2390 1386 2421 sacris
1403 2389 1661 2420 anniversariis

227 2435 323 2475 apud
348 2445 405 2467 eos
431 2446 473 2467 ac
495 2446 631 2468 summa
656 2436 832 2477 religione
857 2436 1049 2476 coleretur,
1075 2436 1180 2467 liuius
1205 2436 1258 2476 vi,
1289 2434 1420 2467 scelere
1443 2435 1662 2476 imperioque

228 2489 298 2511 esse
321 2480 519 2522 sublatum,·
550 2481 590 2514 ad
616 2482 686 2515 Att.
713 2480 784 2515 XV.
812 2484 874 2522 21,
904 2484 916 2514 1
953 2481 1106 2523 Scripsit
1128 2480 1226 2520 filius
1249 2491 1285 2512 se
1308 2479 1442 2511 idcirco
1463 2478 1663 2522 profugere

228 2524 275 2555 ad
298 2525 451 2558 Brutum
477 2527 640 2568 voluisse,
664 2527 769 2569 quod,
795 2537 873 2559 cum
898 2528 967 2559 sibi
991 2528 1175 2568 negotium
1193 2526 1296 2558 daret
1312 2525 1498 2566 Antonius,
1524 2528 1564 2557 ut
1584 2535 1662 2557 eum

228 2569 441 2603 dictatorcm
466 2571 635 2614 efficeret.
662 2573 699 2605 id
722 2576 924 2605 recusasset.
974 2572 1067 2606 Caes.
1086 2572 1118 2604 b.
1137 2570 1174 2604 G.
1193 2570 1216 2604 I.
1239 2572 1291 2611 35,
1310 2572 1328 2604 3
1355 2571 1441 2603 naec
1467 2581 1547 2612 esse,
1574 2580 1663 2613 quae
