1780 2877
689 143 800 177 XXIII.
825 144 1056 178 HANNIBAL.
1102 147 1153 180 13.
1571 145 1649 185 199

207 259 338 311 gest-is.
376 258 503 298 Huius
524 258 616 297 belli
638 264 746 309 gesta
768 259 880 298 multi
902 260 1116 299 memoriae
1137 260 1411 312 prodiderunt,
1434 262 1500 300 sed
1524 275 1570 301 ex
1591 263 1650 302 liis
1681 272 1688 297 :

208 317 304 363 duo,
337 315 404 367 qui
426 328 516 355 cum
538 328 583 354 eo
606 314 646 354 in
669 316 807 355 castris
828 316 988 355 suerunt
1009 316 1204 367 simulque
1226 316 1428 364 vixerunt,
1462 320 1648 368 quamdiu

207 374 366 412 fortuna
388 385 500 424 passa
522 378 593 419 est,
622 371 779 411 Silenus
801 379 838 410 et
860 371 1011 411 Sosilus
1032 372 1379 413 Lacedaemonius.
1423 374 1550 424 Atque
1572 375 1644 414 hoc

205 429 333 469 Sosilo
357 429 554 468 Hannibal
574 429 793 467 litterarum
815 428 1053 467 Graecarum
1077 442 1170 469 usus
1192 436 1247 469 est
1272 430 1447 469 doctore.

320 486 396 525 Sed
419 499 492 525 nos
514 492 668 536 tempus
690 491 748 524 est
768 484 884 524 huius
906 484 995 524 libri
1016 486 1145 525 facere
1168 487 1287 525 finem
1315 493 1353 526 et
1374 486 1647 526 Romanorum

203 543 398 595 explicare
420 543 691 594 imperatores,
715 554 792 592 quo
814 541 967 581 facilius
985 543 1134 582 collatis
1153 550 1415 595 utrorumque
1431 544 1554 591 factis,
1579 545 1646 595 qui

204 600 273 639 viri
295 599 544 651 praeferendi
565 598 657 646 sint,
681 598 805 650 possit
826 598 1003 638 iudicari.

200 711 350 755 Sprache
376 721 435 753 gar
460 714 526 743 erst
553 710 587 742 in
613 709 671 742 der
693 708 886 743 Unterwelt
958 710 1027 744 Den
1054 711 1131 744 dort
1157 710 1383 753 angesflhrten
1401 710 1532 745 Stellen
1560 711 1643 745 ken-

958 767 1021 789 nen
1048 756 1134 789 auch
1160 755 1244 788 Bell.
1264 755 1357 799 Hisp.
1378 758 1409 797 8,
1428 759 1446 789 6
1474 768 1563 799 qnae
1585 768 1644 799 ομ-

200 757 326 790 lernen.

245 805 275 835 3.
301 804 414 844 gesta.
453 800 486 834 S.
512 811 555 833 zu
581 800 729 834 Timoth.
757 803 789 843 4,
808 802 837 835 6.
953 803 1042 844 pida
1053 813 1163 844 supra
1176 805 1260 834 sunt
1271 804 1407 844 seripw
1421 803 1489 836 und
1500 804 1642 836 manche

243 847 354 881 Ueber
380 846 517 880 Sosilus
543 846 610 878 und
637 846 791 888 Sz'lemts,
816 856 883 879 von
955 857 1016 880 aus
1041 846 1163 880 vitruv
1189 847 1353 890 angeffigt
1384 847 1532 881 werden.

197 893 353 926 welchen
378 892 494 935 Nepos
520 891 605 925 alles
631 892 703 924 hier
724 891 883 934 Gesagte,
1001 895 1063 935 qui
1095 892 1149 926 fiir
1179 895 1269 935 utri,
1301 893 1376 925 eine
1403 893 1534 926 seltene
1561 893 1643 926 Ver-

198 949 315 972 ausser
332 938 410 971 dass
425 938 474 971 sie
492 937 576 970 iiber
589 936 695 970 Hann.
712 937 883 979 geschrie-
954 938 1155 981 tauschung.
1195 938 1270 980 Vgl.
1298 938 1364 971 Cic.
1392 938 1433 971 ad
1459 939 1528 972 Au.
1558 938 1640 971 ΧΠ.

196 985 273 1025 ben,
299 984 401 1017 allein
427 982 611 1023 berichtet,
639 993 663 1015 ς.
693 982 775 1016 Einl.
956 986 1008 1025 14,
1033 986 1057 1018 l.
1101 983 1143 1016 ad
1168 983 1246 1016 fam.
1273 983 1341 1016 Vll.
1368 986 1398 1023 3,
1431 988 1455 1017 1.
1499 984 1571 1017 (Σὲιε.
1600 985 1641 1016 de

241 1034 272 1064 4.
299 1029 333 1062 S.
358 1028 446 1062 Einl.
951 1029 984 1062 b.
1011 1028 1090 1071 gall.
1117 1028 1156 1062 V.
1191 1031 1254 1069 44,
1280 1030 1311 1063 2.
1353 1029 1385 1061 b.
1417 1040 1446 1062 e.
1471 1030 1493 1062 Ι.
1521 1032 1582 1069 66,
1609 1033 1640 1063 4.

241 1075 881 1118 explicareimperator-esstattvitam
951 1074 1021 1108 Liv.
1048 1074 1069 1107 1.
1097 1076 1128 1114 6,
1155 1077 1175 1108 4
1201 1084 1277 1109 u.a.
1316 1074 1396 1108 Tac.
1423 1075 1510 1109 Arm.
1536 1075 1558 1108 Ι.
1586 1077 1626 1107 47

193 1123 461 1164 imperatorum.
511 1118 545 1152 S.
572 1129 611 1152 zu
639 1119 757 1152 Them.
791 1124 822 1161 l,
849 1121 878 1152 2.
952 1129 1006 1152 wo
1033 1130 1058 1153 s.
1086 1119 1187 1163 Nipp.
