1780 2877
55 1028 179 1068 XXIII

215 151 295 193 128
708 154 820 187 XXIII.
846 154 1076 188 HANNIBAL.
1113 156 1141 188 1.

211 272 259 312 sit
290 278 328 311 et
355 272 543 323 princeps
564 270 772 323 largitione
793 273 966 309 vetustos
986 268 1172 321 pervertit
1193 280 1325 308 mores
1347 268 1644 321 Carthaginien-

210 329 313 369 sium
333 328 588 379 eiusdemque
608 332 698 379 post
718 332 885 365 mortem
908 325 1106 365 Hannibal
1136 325 1184 364 ab
1206 325 1381 364 exercitu
1400 325 1551 378 accepit
1572 324 1645 364 im·

211 386 379 437 perium.

328 443 375 481 At
405 440 621 488 Hamilcar,
657 445 914 491 posteaquam
942 450 1049 477 mare
1080 437 1235 477 transiit
1266 438 1305 477 in
1337 437 1646 489 Hispaniamque

212 499 330 547 venit,
360 509 522 549 magnas
550 508 614 536 res
642 496 815 536 secunda
837 495 958 547 gessit
978 496 1158 544 fortuna;
1190 494 1378 534 maximas
1397 494 1647 534 bellicosissi-

212 568 374 606 masque
395 558 535 606 gentes
555 553 708 604 subegit
720 565 730 601 ;
762 552 893 603 equis,
916 551 1055 599 armis,
1077 551 1181 599 viris,
1202 551 1374 603 pecunia
1393 555 1517 591 totam
1537 551 1648 591 locu-

211 612 368 664 pletavit
390 610 573 650 Africam.
614 608 687 648 Hic
709 620 799 648 cum
821 608 861 647 in
879 608 1028 647 Italiam
1048 608 1197 647 bellum
1218 608 1366 647 inferre
1381 607 1647 656 meditaretur,

213 681 321 708 nono
343 679 463 715 anno,
484 671 694 718 postquam
715 665 756 704 in
779 664 1008 716 Hispaniam
1029 670 1200 712 venerat,
1231 664 1272 704 in
1294 664 1445 716 proelio
1464 675 1650 716 pugnans

211 726 394 764 adversus
410 723 599 762 Vettones
620 722 774 761 occisus
795 726 865 760 est.
900 720 1026 760 Huius
1047 726 1283 772 perpetuum
1305 721 1440 761 odium
1461 733 1554 773 erga
1568 720 1649 760 Ro-

212 794 351 820 manos
380 780 548 819 maxime
580 778 799 818 concitasse
819 777 973 817 videtur
1001 777 1220 816 secundum
1250 777 1397 817 bellum
1418 777 1649 817 Poenicum.

212 838 388 889 Namque
410 835 627 884 Hannibal,
660 835 764 875 filius
785 834 885 882 eius,
918 833 1082 874 assiduis
1102 833 1225 884 patris
1254 833 1582 874 obtestationibus
1602 847 1649 873 eo

212 900 269 934 est
289 895 517 946 perductus,
543 897 586 932 ut
607 892 770 931 interire
793 903 910 943 quam
931 891 1132 930 Romanos
1153 903 1235 929 non
1258 889 1427 942 experiri
1447 890 1591 930 mallet.

325 1030 547 1076 HANNIBAL,
581 1028 812 1067 Hamilcaris
834 1027 949 1075 filius,
973 1025 1320 1078 Carthaginiensis.
1363 1025 1559 1075 Sisverum
1581 1031 1650 1076 est,

214 1088 320 1139 quod
342 1098 460 1126 nemo
482 1085 656 1133 dubitat,
686 1090 729 1124 ut
759 1084 932 1136 populus
952 1083 1155 1122 Romanus
1185 1094 1324 1122 omnes
1351 1087 1490 1134 gentes
1509 1082 1651 1122 virtute

214 1143 421 1197 superarit,
454 1155 536 1182 non
560 1148 617 1182 est
637 1141 888 1181 infitiandum
910 1139 1171 1180 Hannibalem
1191 1143 1301 1178 tanto
1324 1138 1564 1190 praestitisse
1585 1151 1651 1179 ce-

212 1207 320 1240 teros
340 1200 600 1252 imperatores
620 1197 843 1250 prudentia,
866 1202 1014 1249 quanto
1035 1196 1208 1248 populus
1224 1195 1427 1235 Romanus
1448 1196 1653 1235 antecedat

212 1257 444 1297 fortitudine
466 1260 629 1295 cunctas
651 1255 844 1295 nationes.
897 1254 993 1293 Nam
1017 1252 1344 1305 quotiescumque
1371 1264 1463 1292 cum
1485 1264 1531 1292 eo
1553 1264 1651 1293 con-

260 1378 298 1414 4.
327 1380 355 1413 i.
380 1380 479 1420 viris,
503 1377 557 1411 fiir
581 1377 642 1410 das
667 1376 764 1412 Heer.

262 1426 294 1458 2.
320 1425 358 1456 in
384 1423 540 1456 Italiam.
575 1421 800 1456 Gewohnlich
824 1425 902 1465 sagt

215 1480 294 1503 man
318 1467 458 1508 inferre
474 1468 615 1510 aliquid
630 1468 753 1500 alicui.
789 1466 902 1500 Durch

216 1515 269 1548 die
287 1513 505 1557 Praposition
529 1512 616 1545 wird
640 1512 694 1546 die
719 1514 902 1556 ursprfing-

217 1560 305 1593 liche
323 1558 527 1602 Bedeutung
545 1557 605 1591 des
622 1557 790 1591 Verbums
806 1557 902 1591 mehr

215 1603 510 1647 hervorgehoben.
558 1602 636 1646 vgl.
661 1602 780 1637 Them.
806 1605 843 1644 9,
870 1604 899 1636 2.

217 1650 285 1684 Cic.
311 1650 354 1683 ad
377 1650 457 1683 fam.
482 1647 555 1682 XV.
580 1650 618 1690 2,
646 1651 661 1682 1
697 1649 739 1681 de
764 1648 854 1681 bello
880 1659 901 1680 α

216 1697 360 1729 Parthis
383 1697 421 1727 in
440 1696 668 1738 provinciam
690 1693 835 1736 Syriam
860 1693 903 1726 il-

219 1742 304 1783 lato,
328 1740 415 1773 Phil.
441 1740 477 1774 11.
504 1741 563 1780 22,
583 1741 625 1773 53
652 1749 794 1772 causam
820 1739 904 1772 belli

221 1789 348 1819 contra
370 1787 531 1829 patriam
554 1783 735 1824 inferendi
762 1784 903 1825 dedisti,

218 1843 250 1875 p.
277 1830 371 1865 Sext.
399 1832 453 1872 27,
478 1832 522 1864 58
555 1832 703 1863 iniuriis
726 1831 764 1862 in
788 1833 904 1863 socios

217 1880 360 1910 nostros
383 1875 591 1918 inferendis,
617 1886 649 1918 p.
676 1875 766 1910 Cael.
786 1876 840 1917 22,
859 1877 903 1910 54

219 1925 361 1955 tantum
391 1920 536 1961 facinus
566 1923 605 1954 in
632 1920 770 1960 samam
795 1923 904 1963 atque

217 1967 387 2007 fortunas
422 1978 506 2000 suas
541 1966 684 1999 illatum
694 1980 706 2006 ,-
746 1966 816 1999 Liv.
847 1965 902 1999 IX.

218 2015 272 2055 25,
293 2014 308 2047 1
336 2014 373 2045 in
399 2023 508 2055 agros
532 2015 637 2055 atque
664 2013 768 2044 urbes
792 2011 905 2044 Auso-

218 2069 303 2091 num
329 2058 459 2091 bellum
482 2058 695 2092 intulerunt.

265 2102 819 2182 Zsszssffsssssstzp‘zffgsszffazff‘fftss
832 2103 903 2180 ¹53³·

220 2194 388 2227 Hamilcar
412 2193 524 2227 haben
548 2193 612 2226 wir
644 2192 747 2226 keine
773 2201 903 2235 genaue

220 2239 414 2273 Nachricht.
462 2238 585 2282 Polyb.
616 2237 652 2272 11.
689 2240 703 2272 1
739 2240 836 2280 sagt,
869 2247 905 2270 er

221 2285 270 2318 sei
306 2285 341 2318 in
377 2284 470 2318 einer
502 2282 664 2316 Schlacht
701 2292 811 2326 gegen
844 2281 904 2315 das

221 2330 385 2373 tapferste
411 2329 480 2363 und
503 2328 709 2372 machtigste
732 2327 824 2362 Volk
847 2337 906 2370 ge-

220 2375 335 2409 fallen.
382 2374 462 2408 Dies
494 2373 612 2408 wiirde
643 2383 729 2417 ganz
762 2376 823 2416 gut
847 2372 907 2406 auf

221 2420 274 2454 die
298 2431 368 2454 von
384 2420 501 2464 Nepos
521 2423 715 2463 genannten
732 2418 904 2452 Vettonen

221 2476 356 2508 passen.
388 2465 485 2499 Nach
501 2465 571 2498 Liv.
588 2464 707 2497 xxlv.
728 2466 784 2505 41,
801 2465 821 2498 3
847 2462 905 2497 fiel

221 2520 258 2543 er
282 2511 336 2543 bei
362 2511 517 2544 Castrum
541 2510 670 2551 Altum,
696 2509 783 2542 nach
807 2508 904 2542 Diod.

218 2554 322 2589 XXV.
341 2558 381 2589 10
395 2555 492 2590 Dind.
506 2556 562 2589 bei
574 2555 689 2588 Helice
704 2554 810 2588 durch
822 2553 905 2588 Ver-

217 2600 292 2633 rath
319 2600 378 2633 des
404 2601 533 2644 Konigs
558 2600 617 2634 der
635 2595 905 2644 Orisserfoffla-

971 1375 1082 1418 σῶν);
1120 1376 1230 1409 lauter
1260 1374 1478 1409 unbekannte
1512 1373 1652 1409 Namen.

971 1420 1048 1463 Vgl.
1074 1420 1188 1454 Justin
1212 1418 1324 1453 XLIV.
1350 1422 1380 1454 5.
1407 1422 1439 1454 4.

1018 1467 1047 1500 3.
1075 1476 1173 1508 erga.
1200 1463 1233 1498 S.
1260 1475 1302 1498 zu
1326 1464 1400 1498 Ale.
1426 1467 1458 1506 4,
1484 1467 1515 1498 4.

1223 1545 1403 1578 HANNIBAL.

1016 1601 1051 1637 1.
1068 1603 1095 1635 1.
1123 1601 1164 1635 Se·
1176 1611 1297 1634 verum
1309 1604 1370 1642 est,
1383 1612 1416 1635 u.
1430 1611 1456 1634 s.
1471 1611 1514 1634 w,
1539 1599 1654 1644 Nepos

971 1647 1086 1680 macht
1111 1646 1183 1680 hier
1207 1647 1307 1680 einen
1331 1646 1484 1680 falschen
1502 1645 1653 1680 Schluss.

971 1691 1066 1725 Denn
1092 1695 1244 1735 gesetzt,
1274 1691 1335 1726 das
1359 1692 1406 1725 im
1437 1691 1520 1734 folg.
1546 1690 1568 1734 ξ
1593 1690 1657 1724 Ge-

972 1741 1069 1780 sagte
1106 1738 1197 1771 ware
1238 1737 1346 1778 wahr,
1388 1745 1426 1770 so
1467 1737 1559 1770 ware
1596 1736 1656 1770 der

973 1781 1114 1817 Schluss
1155 1783 1244 1816 doch
1283 1793 1346 1816 nur
1386 1781 1476 1816 dann
1521 1781 1655 1824 richtig,

972 1838 1073 1862 wenn
1098 1828 1153 1862 die
1177 1827 1301 1862 Romer
1325 1827 1380 1861 die
1407 1827 1551 1870 fibrigen
1576 1826 1657 1861 Vol-

972 1873 1033 1907 ker
1057 1884 1119 1907 nur
1144 1873 1250 1907 durch
1280 1872 1352 1906 lhre
1375 1871 1575 1916 Tapferkeit
1598 1872 1657 1906 be-

974 1919 1063 1962 siegt
1088 1918 1157 1952 und
1183 1918 1296 1952 weder
1319 1917 1374 1951 die
1390 1917 1552 1961 Klugheit
1568 1917 1657 1951 ihrer

973 1964 1100 1998 Ftihrer
1125 1964 1213 1997 noch
1241 1963 1365 1997 andere
1388 1962 1575 1996 Umstiinde
1601 1962 1660 1996 auf

974 2009 1067 2043 diese
1107 2008 1303 2051 Besiegung
1341 2007 1491 2042 Einssuss
1530 2008 1656 2050 gehabt

973 2055 1092 2088 hatten
1121 2053 1190 2088 und
1215 2053 1326 2087 ferner
1350 2053 1444 2087 diese
1469 2052 1598 2087 Volker
1622 2054 1656 2085 in

973 2099 1038 2133 den
1064 2098 1210 2142 Kriegen
1234 2099 1295 2132 mit
1320 2098 1387 2132 den
1411 2098 1559 2133 Romern
1589 2097 1659 2135 und

974 2145 1027 2178 die
1052 2144 1177 2178 Romer
1200 2144 1247 2177 im
1264 2143 1387 2187 Kriege
1411 2143 1472 2178 mit
1491 2143 1660 2178 Hannibal

976 2200 1044 2223 von
1070 2189 1159 2223 allen
1175 2189 1378 2232 Feldherrn‚
1402 2189 1534 2223 welche
1559 2188 1608 2222 sie
1621 2189 1658 2230 je

975 2235 1113 2279 gehabt,
1139 2234 1276 2278 gesfihrt
1305 2233 1446 2268 worden
1470 2235 1596 2268 waren.

1021 2281 1118 2323 quod
1138 2290 1241 2313 nemo
1266 2279 1408 2313 dubitat
1429 2279 1496 2314 wie
1521 2278 1601 2313 Gon.
1627 2282 1658 2320 5,

974 2328 994 2360 4
1019 2326 1113 2359 illud
1139 2325 1340 2359 addubitat.

1019 2374 1061 2404 ut
1086 2371 1173 2405 nach
1198 2381 1319 2404 verum
1337 2373 1389 2403 est
1411 2370 1471 2403 hat
1486 2369 1573 2404 auch
1591 2368 1658 2402 Cic.

975 2428 1003 2451 z.
1021 2416 1060 2451 B.
1086 2416 1175 2450 Lael.
1197 2418 1249 2456 14,
1268 2417 1311 2450 50
1340 2415 1555 2450 concedetur
1576 2424 1660 2457 pro-

973 2461 1069 2501 fecto
1094 2472 1215 2495 verum
1240 2472 1333 2503 esse,
1364 2463 1407 2493 nt
1436 2462 1545 2494 bonos
1575 2460 1660 2493 boni

975 2507 1142 2550 diligant.
1175 2507 1296 2549 Zumpt
1315 2505 1416 2549 §623
1440 2504 1510 2539 und
1535 2504 1660 2548 Drager

975 2552 1012 2587 H.
1040 2552 1074 2586 S.
1099 2552 1136 2587 11.
1164 2554 1227 2587 267
1245 2551 1277 2584 ff.

1021 2600 1052 2632 2.
1092 2597 1125 2633 S.
1152 2608 1192 2631 zu
1219 2607 1246 2630 c.
1274 2599 1304 2637 5,
1329 2599 1360 2630 4.
