1780 2877
588 119 688 154 xvn.
712 118 965 154 AGESILAUS.
994 120 1022 152 1.
1451 116 1470 154 1
1478 115 1528 155 37

86 236 246 276 victoria
277 235 438 275 accidit:
477 248 567 275 nam
596 236 673 275 iam
703 235 914 274 inclinatae
946 239 1059 273 erant
1089 238 1351 285 tyrannorum
1381 231 1531 284 copiae'

89 293 176 340 Quo
198 294 301 332 facto
324 306 463 333 omnes
484 293 707 333 Thessaliae
737 292 911 331 civitates
938 291 1190 330 interfectum
1211 289 1440 341 Pelopidam
1462 303 1530 329 co·
1560 298 1579 329 5

88 350 197 390 ronis
218 350 348 390 aureis
364 357 402 389 et
417 350 556 390 statuis
571 350 704 389 aeneis
722 349 949 399 liberosque
966 347 1051 387 eius
1064 346 1188 386 multo
1209 358 1303 398 agro
1319 346 1531 386 donarunt.

202 465 417 504 Aasssmts
445 462 781 503 Lacedaemonius
810 474 899 501 cum
933 474 953 500 a
984 461 1126 500 ceteris
1161 460 1421 512 scriptoribus
1450 466 1532 500 tum
1564 460 1667 500 XVII

89 521 229 561 eximie
258 534 279 560 a
309 521 574 573 Xenophonte
605 518 806 558 Socratico
837 518 1081 558 collaudatus
1111 524 1188 557 est:
1225 532 1271 557 eo
1303 517 1409 557 enim
1440 531 1535 558 usus

90 584 150 618 est
169 578 479 618 familiarissime.
521 577 595 616 Hic
615 576 789 628 primum
806 576 852 615 de
874 588 1000 627 regno
1021 587 1112 615 cum
1128 575 1379 628 Leotychide,
1402 576 1532 615 fratris
1562 583 1581 614 2

90 636 190 684 filio,
221 636 359 675 habuit
379 634 692 674 contentionem.
733 633 819 673 Mos
847 633 953 673 enim
984 646 1005 673 a
1037 632 1250 672 maioribus
1270 633 1535 672 Lacedaemo-

92 694 168 733 niis
189 699 271 732 erat
291 692 470 739 traditus,
497 697 540 731 ut
561 692 660 731 duos
680 691 874 730 haberent
894 703 1051 742 semper
1071 703 1204 742 leges,
1228 690 1391 730 nomine
1411 690 1535 741 magis

93 762 209 813 quam
225 749 404 801 imperio,
427 762 472 788 ex
495 749 647 789 duabus
667 748 822 788 familiis
839 748 969 788 Procli
991 754 1029 787 et
1044 721 1317 800 Eur3stl'1enis,
1340 747 1406 799 qui
1423 748 1535 800 prin-

92 808 200 858 cipes
232 820 278 847 ex
299 806 492 859 progenie
522 806 705 846 Heiculis
732 806 895 857 Spartae
927 818 1040 857 leges
1071 806 1247 844 fue1unt.
1299 805 1451 845 Horum
1487 818 1534 844 ex
1564 811 1582 843 3

91 865 212 904 altera
241 864 282 904 in
313 864 474 904 alterius
501 863 670 903 familiae
699 864 829 902 locum
859 863 945 902 fie1i
975 876 1057 902 non
1088 862 1242 901 licebat.
1283 862 1340 902 Ita
1369 869 1537 914 utraque

92 934 208 962 suum
229 921 427 961 retinebat
447 921 639 961 ordinem.
680 920 858 960 Primum
877 920 977 960 ratio
1000 920 1230 967 habebatur,
1257 920 1323 971 qui
1344 920 1538 959 maximus

93 985 189 1019 natu
211 985 314 1019 esset
335 992 382 1018 ex
402 979 535 1018 liberis
556 978 660 1026 eius,
692 978 759 1029 qui
780 990 954 1029 regnans
975 977 1227 1026 decessisset;
1250 977 1310 1016 sin
1333 977 1365 1016 is
1388 977 1536 1016 virilem

93 1049 231 1076 sexum
253 1049 334 1076 non
356 1036 593 1087 reliquisset,
615 1042 699 1075 tum
721 1035 978 1087 deligebatur,
1007 1035 1073 1086 qui
1095 1033 1300 1086 proximus
1321 1040 1424 1073 esset
1444 1047 1538 1086 pro·

93 1094 328 1146 pinquitate.
368 1093 550 1133 Mortuus
571 1099 654 1132 erat
681 1093 774 1144 Agis
794 1105 886 1139 rex,
908 1093 1029 1131 frater
1049 1091 1230 1143 Agesilai.
1272 1091 1413 1131 Filium
1444 1091 1536 1130 reli·
1565 1099 1584 1130 4

95 1157 234 1203 querat
254 1151 547 1203 Leotychidem,
569 1163 686 1202 quem
706 1150 771 1189 ille
793 1156 931 1189 nalum
954 1162 1033 1188 non
1053 1155 1238 1201 agnorat3
1260 1149 1430 1188 eundem
1453 1161 1538 1188 mo-

93 1210 202 1249 riens
218 1221 334 1249 suum
350 1221 434 1248 esse
450 1209 611 1248 dixerat.
652 1208 689 1247 Is
710 1208 757 1247 de
773 1208 926 1247 honore
943 1207 1056 1258 regni
1073 1219 1163 1246 cum
1181 1206 1373 1258 Agesilao,
1395 1213 1537 1258 patruo

95 1281 187 1315 suo,
209 1266 416 1306 contendit
436 1278 567 1317 neque
589 1265 639 1313 id,
662 1265 767 1316 quod
788 1264 944 1317 petivit,
970 1270 1210 1304 consecutus
1231 1270 1300 1303 est.
1343 1264 1439 1302 Nam
1461 1264 1536 1316 Ly·
1566 1271 1585 1303 5

95 1325 240 1365 sandro
262 1324 522 1375 suffragante,
544 1322 717 1371 homine,
739 1327 784 1362 ut
805 1322 1050 1362 ostendimus
1071 1334 1188 1373 supra
1202 1353 1210 1368 ,
1233 1321 1397 1360 factioso
1420 1327 1455 1360 et
1478 1321 1539 1361 his

93 1380 340 1434 temporibus
361 1386 538 1432 potente,
562 1380 765 1432 Agesilaus
785 1379 981 1419 antelatus
1002 1386 1072 1419 est.

96 1490 221 1548 Siege’,
234 1489 298 1527 ‘als
312 1504 348 1526 es
362 1493 424 1526 mit
438 1492 515 1526 dem
527 1492 628 1535 siege
642 1493 783 1535 giinstig

97 1536 225 1581 stand,
249 1535 321 1572 der
346 1539 428 1582 Sieg
453 1539 525 1572 sich
550 1539 619 1572 ihm
644 1539 783 1582 zuneig-

96 1583 139 1619 te'
154 1599 160 1619 :
187 1585 474 1628 eigenthumlieh,
501 1585 581 1618 aber
605 1584 700 1618 nicht
725 1595 783 1618 an-

98 1632 174 1665 ders
200 1634 321 1674 gesagt
345 1631 396 1664 als
418 1631 595 1663 secundae
618 1642 693 1673 res,
716 1642 783 1663 sec.

97 1678 264 1719 fortuna,
297 1688 365 1710 sec.
386 1677 578 1719 proelium.

145 1727 175 1758 5.
213 1723 298 1756 Dass
330 1722 406 1755 dem
431 1722 503 1755 Pel.
539 1722 684 1756 Statuen
716 1733 783 1754 von

98 1771 163 1804 den
189 1768 409 1802 Thessaliern
434 1768 595 1801 errichtet
625 1768 694 1801 und
720 1768 785 1800 sei-

99 1827 165 1850 nen
190 1814 337 1847 Kindern
373 1813 465 1847 Land
499 1813 690 1856 geschenkt
723 1813 784 1855 sei,

97 1861 266 1896 berichtet
291 1860 407 1904 Nepos
433 1860 547 1894 allein.

340 1909 541 1939 AGEleAUS.

143 1955 289 1989 1.1.a
314 1952 568 1995 Xenophonte:
593 1951 638 1984 im
666 1950 787 1993 Agesi-

99 2000 186 2041 laus,
210 1999 318 2032 meint
344 1998 470 2041 Nepos.
521 1997 554 2031 S.
581 1997 613 2030 d.
638 1997 724 2030 Einl.

147 2027 247 2089 [u'sus
260 2048 311 2077 est
322 2043 499 2084 familiar.
527 2043 686 2076 Dieselbe
698 2044 787 2076 Aus-

100 2091 333 2125 drucksweise
350 2090 446 2124 Eum.
464 2091 496 2132 4,
514 2091 546 2123 4.
572 2088 676 2122 Phoc.
695 2092 726 2129 4,
740 2090 784 2129 3]

147 2139 177 2171 2.
210 2140 298 2171 erat.
355 2135 416 2169 Die
449 2134 548 2169 Hdss.
578 2135 690 2168 haben
723 2137 786 2167 est.

99 2183 192 2217 Aber
224 2193 283 2215 zur
307 2182 382 2215 Zeit
414 2181 474 2214 des
499 2181 615 2224 Nepos
651 2181 717 2223 gab
747 2190 785 2213 es

100 2229 202 2262 keine
230 2227 364 2270 Konige
396 2227 431 2260 in
461 2226 585 2270 Sparta
617 2227 713 2260 mehr
742 2230 783 2268 (s.

100 2286 143 2309 zu
168 2274 270 2308 Paus.
306 2276 336 2316 3,
363 2273 416 2313 5);
454 2272 523 2306 und
556 2273 611 2306 ein
639 2272 784 2306 lrrthum

101 2321 163 2355 des
186 2320 303 2364 Nepos
335 2318 381 2352 ist
413 2318 486 2351 hier
509 2318 788 2352 unwahrschein-

100 2367 181 2407 fich,
206 2365 318 2399 zumal
343 2364 385 2397 da
411 2374 446 2397 er
469 2364 564 2397 nicht
581 2364 657 2397 eine
682 2364 788 2407 allge-

102 2413 214 2446 meine
238 2410 457 2452 Bemerkung
489 2410 574 2443 iiber
602 2409 663 2443 das
687 2409 789 2453 Spar-

104 2459 258 2492 tanische
275 2456 485 2499 Konigthum
503 2466 544 2489 zu
563 2455 686 2498 geben,
711 2466 788 2488 son-

104 2504 184 2538 dern
222 2503 276 2537 die
312 2501 505 2545 damaligen
539 2501 710 2535 Zust'ande
745 2511 788 2534 zu

105 2550 273 2584 schildern
307 2548 419 2589 hatte,
457 2547 603 2581 wonach
636 2557 671 2580 er
702 2547 788 2580 auch

104 2596 149 2629 im
167 2594 363 2639 Folgenden
382 2594 435 2627 die
449 2593 618 2637 Tempora
636 2593 789 2636 gewahlt

853 1492 922 1525 hat.
972 1490 1156 1524 Vielleicht
1180 1490 1226 1524 ist
1247 1490 1538 1534 estinterpolie1·t‚

852 1537 1018 1571 nachdem
1045 1540 1123 1570 erat
1146 1547 1208 1569 vor
1233 1537 1398 1578 traditus,
1425 1547 1479 1570 wo
1503 1547 1539 1569 es

853 1583 970 1628 Nepos
1007 1586 1139 1625 gesetzt
1177 1583 1286 1624 hatte,
1326 1582 1539 1625 ausgesallen

854 1640 935 1663 war.
983 1628 1172 1663 Jedenfalls
1189 1629 1235 1662 ist
1252 1639 1289 1662 es
1306 1629 1391 1662 auch
1410 1629 1463 1662 bei
1482 1628 1541 1661 der

854 1675 1107 1718 Wortstellung
1138 1674 1197 1708 des
1231 1674 1358 1708 Textes
1390 1674 1450 1708 das
1484 1685 1542 1708 an-

855 1726 1090 1765 gemessenste
1110 1724 1188 1753 erat
1205 1721 1363 1753 traditus
1380 1720 1430 1753 als
1445 1719 1543 1753 Plus-

855 1767 1148 1811 quampersectum
1166 1777 1207 1800 zu
1226 1766 1424 1808 verbinden‚
1450 1766 1541 1807 weil,

855 1823 956 1846 wenn
975 1813 1131 1845 traditus
1148 1812 1391 1855 appositionell
1410 1812 1541 1850 stande,

856 1858 910 1892 die
936 1858 1054 1892 Worte
1088 1869 1109 1890 a
1142 1860 1341 1890 maioribus
1365 1858 1542 1890 Lacedae-

855 1906 986 1937 moniis
1019 1904 1177 1936 traditus
1208 1903 1457 1947 ungebi'ihrlicli
1484 1903 1542 1936 be-

857 1954 933 1984 tont
958 1949 1109 1983 wiirden.

905 1998 935 2030 3.
960 1996 1059 2037 fieri,
1085 1995 1186 2029 n‘aml.
1210 2005 1329 2037 regem
1355 1989 1460 2034 (es').

902 2044 965 2084 qui
990 2043 1171 2074 mamimus
1194 2043 1285 2073 natu
1312 2045 1398 2074 esset
1424 2041 1468 2074 ist
1492 2041 1543 2074 in-

856 2088 983 2121 directe
998 2087 1104 2129 Frage
1119 2087 1219 2128 (auch
1237 2087 1305 2120 Cic.
1323 2086 1416 2120 Verr.
1436 2086 1476 2120 V.
1490 2090 1541 2127 14,

856 2137 898 2167 36
917 2138 993 2176 sagt
1008 2134 1117 2166 habeo
1135 2135 1323 2175 rationem,
1341 2133 1429 2175 quid
1444 2144 1465 2165 α
1480 2143 1543 2175 po-

852 2179 940 2223 pulo
959 2179 1118 2212 Romano
1145 2181 1368 2221 acceperim),
1393 2178 1461 2212 und
1480 2181 1544 2221 qui

855 2226 948 2259 steht
961 2226 1015 2258 fiir
1032 2227 1113 2268 quis
1130 2225 1197 2258 wie
1215 2224 1333 2258 Them.
1349 2227 1380 2266 8,
1395 2226 1426 2258 6.
1452 2225 1542 2257 Eius

854 2282 916 2305 vor
943 2273 1004 2314 qui
1028 2282 1071 2305 zu
1097 2272 1264 2313 erganzen
1290 2271 1335 2304 ist
1360 2270 1446 2304 nach
1465 2270 1541 2304 dem

856 2328 897 2351 zu
915 2317 1010 2351 Dion.
1030 2319 1062 2359 9,
1078 2319 1096 2350 5
1110 2316 1316 2350 Bemerkten
1334 2316 1542 2359 unzulassig.

904 2364 1048 2406 [Procli.
1098 2362 1132 2397 S.
1159 2362 1385 2406 Sprachgebr.
1415 2364 1479 2403 12.]

902 2411 935 2443 4.
961 2408 1012 2443 Ol.
1039 2411 1093 2450 95,
1118 2410 1266 2443 4=397.

905 2455 1042 2498 [neque.
1092 2453 1126 2488 S.
1151 2464 1194 2486 zu
1218 2453 1337 2487 Them.
1367 2456 1425 2494 10,
1451 2455 1496 2494 4.]

903 2503 934 2534 5.
972 2500 1175 2543 [Lysandro
1211 2501 1442 2542 suffragante
1477 2500 1542 2532 wie

858 2546 930 2580 Alc.
958 2548 989 2587 5,
1008 2544 1053 2589 4.]

904 2603 1025 2633 supra.
1073 2592 1152 2636 Lys.
1182 2593 1210 2633 1,
1235 2590 1300 2625 3ff.
