1780 2877
225 117 305 154 120
702 117 773 151 XV.
799 116 1118 152 EPAMlNONDAS.
1146 120 1176 152 3.

225 234 311 271 dem
345 233 399 271 sic
430 233 502 271 suit
533 233 705 279 deditus,
738 239 780 271 ut
810 232 1039 271 adulescens
1068 231 1219 270 tristem
1252 244 1295 270 ac
1318 244 1494 271 severum
1516 243 1649 271 senem

226 289 409 328 omnihus
425 289 653 340 aequalibus
670 289 749 329 suis
768 290 805 328 in
823 288 1081 328 familiaritate
1098 288 1378 339 anteposuerit,
1397 301 1524 340 neque
1541 288 1651 340 prius

226 358 314 385 eum
331 358 352 384 a
372 358 412 385 se
430 346 584 393 (limisit,
604 359 719 397 quam
737 346 775 384 in
793 345 981 385 doctrinis
997 350 1106 383 tanto
1124 345 1332 385 antecessit
1345 345 1649 396 condiscipulos,

227 410 265 441 ut
290 403 399 441 facile
422 403 595 454 intellegi
624 409 755 454 posset
787 403 869 454 pari
887 402 1002 440 modo
1024 407 1299 453 superaturum
1326 414 1462 441 omnes
1483 402 1522 441 in
1545 407 1651 441 cete-

176 467 193 495 3
224 460 277 498 ris
298 459 458 498 artibus.
500 460 626 510 Atque
648 460 741 498 haec
772 460 818 498 ad
840 465 1014 498 nostram
1038 459 1363 498 consuetudinem
1388 465 1479 498 sunt
1496 458 1592 498 levia
1613 464 1652 497 et

227 516 358 567 potius
387 516 699 565 contemnenda3
736 522 773 554 at
806 516 845 554 in
877 515 1035 554 Graecia
1067 515 1202 566 utique
1233 516 1323 554 olim
1354 527 1517 566 magnae
1547 515 1652 554 laudi

177 579 194 610 4
227 579 348 611 erant.
391 572 601 622 Postquam
632 573 807 623 ephebus
837 579 894 612 est
924 573 1049 611 factus
1079 577 1116 610 et
1144 572 1357 623 palaestrae
1379 573 1470 611 dare
1492 584 1651 623 operam

227 629 367 680 coepit.
386 641 466 667 non
482 634 560 666 tam
576 628 838 679 magnitudini
855 629 994 668 virium
1011 628 1165 667 servivit
1187 642 1301 680 quam
1318 628 1522 668 velocitati.
1544 628 1652 667 lllanl

228 686 330 724 enim
362 685 406 723 ad
437 685 668 724 athletarum
698 698 831 732 usum,
860 685 961 723 hanc
991 685 1036 723 ad
1069 685 1160 723 belli
1183 686 1424 725 existimabat
1445 685 1652 724 utilitatem

176 749 193 780 5
224 742 434 793 pertinere.
481 741 616 792 Itaque
648 742 903 780 exercebatur
931 741 1144 791 plurimum
1175 743 1370 781 currendo
1402 747 1439 781 et
1466 741 1651 781 luctando

226 799 270 836 ad
295 810 383 837 eum
401 798 532 844 finem,
555 798 681 848 quoad
699 804 805 837 stans
822 797 1029 849 complecti
1045 803 1175 848 posset
1191 804 1306 849 atque
1323 799 1575 838 contendere.
1607 798 1652 837 In

227 854 342 893 armis
364 866 454 892 vero
477 854 688 905 plurimum
712 854 828 893 studii
851 854 1120 893 consumebat.

181 913 204 948 3
343 911 399 949 Ad
422 911 522 949 hanc
544 911 721 962 corporis
742 911 964 949 firmitatem
984 910 1097 962 plura
1119 910 1233 949 etiam
1259 909 1378 948 animi
1398 910 1503 949 bona
1524 923 1655 950 acces-

226 973 368 1006 serant.
410 967 502 1005 Erat
531 968 635 1006 enim
666 969 885 1016 modestus,
914 967 1108 1019 prudens,
1145 966 1290 1018 gravis,
1320 967 1565 1018 temporibus
1593 979 1654 1006 sa-

227 1024 381 1075 pienter
404 1030 538 1073 utens;
567 1024 718 1076 peritus
748 1025 859 1072 belli,
890 1024 1002 1063 fortis
1022 1036 1162 1071 manu,
1195 1023 1325 1062 animo
1347 1023 1536 1072 maxiino;
1558 1024 1654 1063 adeo

176 1087 194 1118 2
224 1080 396 1120 veritatis
418 1080 594 1132 diligens,
616 1086 659 1120 ut
677 1094 726 1120 ne
743 1081 829 1120 ioco
849 1081 1005 1132 quidem
1021 1080 1267 1119 mentiretur.
1308 1080 1413 1119 Idem
1431 1080 1655 1129 continens,

228 1137 400 1176 clemens
421 1137 652 1189 patiensque
675 1138 945 1177 admirandum
968 1137 1007 1176 in
1029 1138 1210 1184 modum,
1242 1150 1322 1176 non
1352 1137 1476 1176 solum
1504 1137 1657 1189 populi,

227 1194 292 1232 sed
316 1194 431 1233 etiam
454 1194 667 1233 amicorum
690 1196 822 1234 ferens
844 1194 1026 1243 iniurias3
1058 1194 1097 1232 in
1127 1193 1263 1245 primis
1284 1194 1488 1234 commissa
1510 1194 1654 1242 celans,

272 1295 302 1326 ⁴2.
330 1295 476 1335 tristem,
502 1294 567 1326 wie
594 1294 643 1326 ost
667 1289 818 1329 ‘finste1·'.

271 1349 382 1380 neque
409 1342 513 1381 prius
547 1350 624 1371 eum
658 1351 678 1371 a
710 1351 746 1371 se
771 1341 906 1372 (limisit

227 1395 258 1417 u.
285 1394 310 1416 s.
337 1394 379 1416 W.
431 1384 524 1417 Nach
549 1384 637 1418 Plut.
657 1385 698 1417 de
717 1395 791 1427 gen.
812 1384 905 1418 Socr.

974 1293 1069 1326 deres
1084 1293 1128 1326 im
1138 1294 1261 1336 Liegen
1276 1289 1501 1335 (κλινοπάλη)
1511 1307 1518 1326 :
1527 1293 1656 1326 Krause

974 1339 1175 1382 Gymnastik
1192 1339 1260 1371 und
1274 1338 1457 1381 Agonistik
1475 1341 1551 1372 423.
1575 1338 1657 1371 Her-

973 1394 1072 1416 mann
1099 1384 1151 1417 Gr.
1178 1384 1427 1417 Privatalterth.
1454 1384 1475 1427 ξ
1502 1386 1555 1424 37,
1586 1386 1633 1417 10.

227 1431 303 1462 579.
323 1431 387 1462 583
413 1429 494 1462 liess
513 1440 547 1462 er
564 1430 621 1462 ihn
641 1440 699 1472 gar
717 1430 809 1463 nicht
827 1431 904 1471 sort,

228 1473 373 1506 sondern
399 1474 497 1518 Lysis
523 1475 614 1507 lebte
640 1476 684 1507 im
710 1475 820 1508 Hause
846 1475 905 1508 des

226 1519 476 1562 Epaminondas
507 1520 559 1553 his
592 1531 631 1553 zu
659 1520 785 1553 seinem
811 1520 905 1553 Tode

228 1564 294 1597 und
321 1564 412 1597 ward
438 1565 470 1597 in
496 1565 637 1598 Theben
663 1566 843 1607 begraben.

274 1612 303 1643 3.
330 1612 454 1652 utique
479 1611 563 1643 olim
589 1610 663 1643 darf
684 1611 777 1644 nicht
803 1611 906 1644 durch

229 1655 400 1691 Commata
427 1666 492 1689 von
519 1656 582 1689 den
606 1656 747 1699 tibrigen
766 1656 907 1689 Worten

228 1705 386 1742 getrennt
404 1701 550 1743 werden,
569 1701 608 1733 da
630 1701 717 1734 dann
736 1712 776 1734 zu
792 1701 906 1734 diesen

229 1746 320 1778 nicht
347 1750 466 1787 erant,
500 1746 644 1779 sondern
677 1750 761 1779 sunt
784 1757 907 1789 passen

228 1791 355 1824 wiirde.
390 1791 504 1834 Nepos
523 1792 649 1834 spricht
667 1803 734 1824 von
754 1792 812 1824 der
826 1791 908 1824 Ver-

228 1836 431 1878 gangenheit
457 1837 518 1869 mit
541 1837 743 1870 besonderer
767 1837 906 1870 Bekraf-

229 1883 358 1924 tigung,
386 1882 472 1914 ohne
498 1882 551 1914 die
570 1882 772 1924 Gegenwart
789 1893 830 1915 zu
849 1883 907 1915 be-

226 1928 359 1959 riihren.

273 1975 303 2005 4.
331 1975 361 2006 5.
409 1971 474 2004 Das
507 1972 579 2005 hier
608 1971 800 2005 Berichtete
833 1982 907 2005 ver—

229 2017 359 2049 danken
379 2017 441 2048 wir
458 2016 573 2060 Nepos
591 2017 702 2051 allein.
727 2017 815 2058 Plut.
834 2017 905 2051 Pel.

228 2066 246 2095 4
274 2066 360 2105 sagt,
386 2061 567 2105 Pelopidas
591 2063 678 2096 habe
704 2063 798 2096 mehr
822 2062 907 2096 Ver-

229 2111 363 2150 gniigen
380 2117 420 2139 an
438 2107 687 2150 korperlichen,
705 2108 908 2151 Epaminon-

230 2154 287 2186 das
299 2164 339 2185 an
351 2152 518 2195 geistigen
530 2152 717 2196 Uebungen
726 2153 906 2196 gesunden.

275 2199 322 2230 acl
345 2208 422 2230 eum
446 2199 571 2240 linem,
603 2199 736 2240 quoad,
760 2194 907 2239 ‘soweit,

230 2239 329 2285 dass⁷,
354 2253 433 2275 vom
459 2243 584 2276 Grade:
602 2244 656 2276 bei
675 2244 790 2277 Cicero
817 2244 908 2276 steht

231 2299 330 2330 quem
345 2288 536 2328 adfinem?
559 2288 626 2321 und
641 2289 688 2321 ad
700 2299 775 2321 eam
789 2289 906 2331 finem,

232 2334 311 2365 dum
345 2333 432 2367 oster
464 2344 531 2367 von
566 2333 624 2367 der
653 2334 742 2375 Zeit,
776 2334 841 2367 wie
874 2334 906 2366 in

231 2378 322 2412 Verr.
349 2381 379 2419 6,
411 2381 459 2412 16.
487 2379 526 2413 V.
553 2381 606 2421 29,
625 2382 677 2413 75.
697 2379 768 2413 Cat.
786 2379 808 2413 Ι.
830 2382 857 2420 1,
879 2382 907 2413 1.

232 2435 262 2465 p.
290 2424 377 2456 Cael.
404 2427 435 2466 5,
466 2427 515 2458 11.
542 2424 582 2457 de
600 2428 667 2457 nat.
686 2425 776 2458 deor.
796 2425 832 2460 ll.
855 2427 908 2466 51,

234 2470 307 2510 129,
336 2469 419 2501 auch
445 2469 500 2502 hei
525 2469 604 2503 Tac.
629 2470 714 2503 XIV.
741 2472 794 2504 52.

276 2518 380 2545 stans.
428 2515 555 2547 Ausser
588 2515 662 2548 dem
698 2515 828 2558 Ringen
863 2515 907 2547 im

233 2557 337 2591 Stehn
363 2554 581 2602 (ὀρθοπάλῃ)
614 2561 679 2603 gab
713 2571 748 2594 es
773 2561 825 2593 ein
853 2571 910 2593 an-

1021 1429 1247 1471 [contendere
1271 1429 1346 1462 s'allt
1368 1429 1453 1462 nach
1472 1429 1656 1471 complecti

976 1474 1079 1507 durch
1098 1474 1213 1507 seinen
1232 1485 1270 1507 zu
1291 1474 1514 1517 allgemeinen
1529 1474 1663 1517 Begriff

977 1519 1042 1552 aus.
1105 1520 1219 1562 Gegen
1260 1519 1437 1553 Weidners
1474 1519 1658 1562 Conjectur

977 1566 1193 1597 contundere
1223 1565 1363 1604 (Comm.
1389 1576 1417 1599 z,
1444 1564 1544 1608 Verg.
1569 1565 1654 1598 Aen.

977 1609 1010 1643 S.
1051 1612 1123 1644 142.
1157 1610 1233 1653 Vgl.
1259 1610 1370 1644 Plaut.
1401 1610 1523 1644 Bacch.
1548 1610 1598 1644 111.
1624 1612 1656 1652 3,

976 1657 1031 1696 46,
1055 1658 1148 1688 mira
1172 1659 1265 1697 sunt,
1290 1658 1330 1688 ni
1349 1656 1563 1688 Pistoclerus
1585 1656 1657 1689 Lu-

977 1702 1060 1733 dam
1075 1703 1208 1742 unguis
1223 1701 1395 1735 contudit.
1421 1701 1487 1734 Cic.
1502 1700 1602 1735 Tusc.
1617 1701 1654 1734 ll.

980 1748 1096 1787 17‚40.
1115 1746 1194 1778 vide
1203 1747 1367 1789 pugiles:
1389 1748 1561 1779 caestibus
1574 1757 1657 1779 con·

979 1793 1048 1823 tusi
1072 1803 1116 1823 ne
1140 1794 1379 1834 ingemiscunt
1402 1792 1552 1834 quidem.
1583 1792 1653 1826 Liv.

974 1836 1104 1870 XXVII.
1132 1839 1162 1878 2,
1189 1839 1207 1869 2
1243 1840 1305 1879 qui
1333 1841 1415 1880 post
1439 1837 1657 1870 Cannensem

968 1893 1131 1925 pugnam
1162 1882 1315 1921 ferocem
1347 1885 1497 1915 victoria
1521 1883 1655 1915 Hanni-

975 1928 1087 1960 balem
1102 1928 1340 1968 contudisset.)
1353 1927 1516 1969 sprechen
1525 1927 1651 1969 jedoch

975 1973 1028 2005 die
1043 1972 1341 2015 vorhergehenden
1358 1972 1476 2005 Worte
1490 1983 1561 2005 non
1579 1976 1654 2006 tam

974 2018 1219 2060 magnitudini
1236 2020 1366 2050 virium
1383 2020 1529 2050 servivit
1548 2029 1655 2060 quam

976 2064 1233 2096 velocitatL

1020 2106 1055 2142 3.
1086 2111 1112 2141 1.
1160 2108 1219 2140 Ad
1241 2109 1333 2140 hanc
1355 2126 1399 2131 —
1424 2111 1657 2141 accesserant.

976 2153 1136 2186 Derselbe
1161 2153 1363 2196 Uebergang
1387 2152 1508 2187 Timol.
1535 2157 1566 2195 5,
1594 2156 1621 2187 1.

1023 2199 1110 2231 adeo
1135 2200 1297 2231 veritatis
1321 2199 1476 2240 diligens
1498 2210 1530 2232 u.
1557 2209 1583 2232 s.
1611 2209 1653 2232 w,

977 2243 1053 2277 Von
1084 2244 1142 2277 der
1166 2243 1449 2276 Wahrheitsliebe
1481 2244 1540 2277 des
1568 2244 1656 2287 Epa—

976 2289 1154 2322 minondas
1177 2289 1344 2322 berichtet
1367 2289 1482 2332 Nepos
1507 2289 1618 2329 allein.

1023 2336 1052 2367 2.
1085 2336 1123 2366 in
1154 2337 1281 2377 primis
1314 2336 1495 2367 commissa
1527 2334 1654 2367 celans.

976 2380 1071 2412 Auch
1090 2380 1206 2413 diesen
1220 2380 1292 2422 Zug
1305 2380 1398 2422 giebt
1411 2379 1525 2422 Nepos
1539 2379 1653 2421 allein,

977 2425 1052 2467 stigt
1085 2425 1164 2458 aber
1198 2424 1391 2467 unpassend
1422 2424 1542 2465 hinzu‚
1575 2425 1656 2458 dass

978 2469 1069 2503 diese
1095 2470 1313 2512 Eigenschast
1343 2469 1393 2502 oft
1424 2470 1517 2502 mehr
1550 2473 1653 2503 nfitze

978 2515 1029 2548 als
1045 2515 1309 2549 Beredsamkeit.
1335 2514 1428 2548 Denn
1446 2514 1504 2548 der
1521 2515 1655 2548 Nutzen

979 2561 1022 2593 ist
1046 2561 1118 2594 hier
1143 2561 1216 2593 eine
1242 2570 1300 2603 gar
1324 2560 1417 2593 nicht
1441 2560 1473 2593 in
1493 2559 1657 2594 Betracht.
