1780 2877
777 82 947 116 EXCURS
976 82 1041 118 vn.
1549 84 1629 124 253

192 197 360 235 differant,
385 198 536 240 exponit,
562 198 646 230 nihil
670 198 797 231 diceret
823 198 864 231 de
890 202 1053 241 tempore.
1104 197 1201 236 Quod
1227 199 1253 231 si
1281 209 1396 232 verum
1424 205 1525 241 esset,
1551 210 1633 234 sane

190 253 261 276 rem
280 241 473 276 conficeret.
514 243 619 286 Atqui
637 243 666 276 is
683 244 779 277 locus
797 246 976 286 corruptus
994 242 1036 276 ad
1053 253 1116 276 nos
1138 244 1304 286 pervenit,
1331 250 1380 285 ut,
1405 245 1486 288 quid
1504 247 1634 281 Aristo-

192 288 278 321 teles
303 287 443 330 dixerit,
470 299 511 321 ex
536 292 631 332 parte
657 293 788 322 tantum
815 287 983 322 affirmare
1009 288 1120 322 liceat.
1169 287 1259 321 Haec
1285 290 1373 322 enim
1400 291 1434 323 in
1459 292 1634 325 codicibus

191 335 351 376 leguntur
376 338 456 376 post
479 335 584 367 verba
610 344 711 377 supra
736 334 850 376 allata,
876 344 907 376 p.
930 335 1016 367 1272
1034 334 1067 375 b,
1094 335 1136 367 38
1155 343 1208 376 ap.
1234 333 1361 367 Belum
1391 338 1464 368 Καὶ
1489 335 1634 379 βέλτιον

192 376 232 413 δὲ
254 377 336 412 τοὺς
360 377 520 422 βασιλεῖς
542 376 633 423 μήτε
656 377 749 412 κατὰ
771 377 814 412 τὸ
839 377 928 412 αὐτὸ
953 378 1046 412 εἶναι
1069 381 1170 423 γένος
1193 376 1285 422 μηδὲ
1309 380 1418 413 τοῦτο
1451 380 1492 414 τὸ
1525 379 1633 423 τυχόν

190 423 263 457 εἴτε
288 421 464 470 διαφέρον
487 427 527 457 ἐκ
550 422 695 458 τούτων
720 422 883 469 αἱρετοὺς
905 422 1043 468 μᾶλλον
1069 422 1090 467 ἢ
1113 422 1207 457 καθ’
1228 422 1380 468 ἡλικίαν.
1422 426 1514 465 Quae
1536 438 1634 461 nemo

192 470 301 504 adhuc
319 471 366 503 ita
384 470 588 511 emendavit,
613 474 662 512 ut,
682 470 763 513 quid
779 470 986 504 Aristoteles
1004 471 1190 515 scripserit,
1215 476 1361 506 constet.
1403 471 1528 506 Verum
1546 473 1635 506 hunc

189 526 406 560 nequaquam
423 520 622 560 perpetuam
638 525 756 558 regum
775 519 980 559 potestatem
1005 516 1174 550 iudicasse
1191 516 1335 560 Klugius
1360 528 1401 551 eo
1428 517 1637 552 demonstra-

191 561 253 601 vit,
279 562 370 605 quod
394 573 425 605 p.
448 563 532 595 1273
551 571 580 602 a,
608 563 649 595 15
674 558 737 595 τὰς
761 565 980 606 πενταρχίας
1005 562 1050 595 ait
1076 561 1229 596 πλείονα
1253 562 1377 607 ἄρχειν
1400 560 1534 609 χρόνον
1558 565 1636 597 τῶν

191 604 324 640 ἄλλων.
371 607 488 650 ltaque
521 606 761 641 Boetticherus
793 608 955 641 historiae
990 608 1318 651 Carthaginiensium
1349 621 1381 653 p.
1408 612 1451 644 46
1484 610 1636 654 itemque

192 652 406 686 Godofredus
431 651 592 686 Wolffius
616 652 651 685 in
677 653 917 687 dissertatione
943 654 984 687 de
1010 654 1220 698 principibus
1245 656 1293 689 rei
1320 655 1478 699 publicae
1499 656 1637 689 Cartha-

192 698 355 741 giniensis
380 698 636 741 magistratibus
661 698 801 732 Bonnae
827 710 915 732 anno
939 701 1022 733 1857
1042 700 1133 734 edita
1150 711 1182 743 p.
1206 703 1225 735 8
1251 701 1349 743 (nihil
1375 712 1456 735 sane
1482 702 1562 735 novi
1588 707 1637 735 at-

192 743 271 777 tulit
295 743 488 777 Koernerus
514 744 548 776 in
573 744 691 778 libello
722 745 763 778 de
788 755 823 778 re
856 745 993 788 publica
1019 746 1348 789 Carthaginiensium
1373 747 1465 780 Halis
1491 758 1519 781 a.
1550 750 1634 782 1867

191 789 346 832 vulgato)
371 800 470 833 reges
496 790 825 833 Carthaginiensium
852 801 963 834 neque
988 802 1049 834 per
1073 803 1177 825 unum
1204 796 1333 826 tantum
1368 803 1493 827 annum
1527 804 1636 837 neque

191 845 252 878 per
276 838 382 868 totam
408 835 513 869 vitam
538 846 700 879 regnasse
725 836 875 875 censuit;
903 847 943 869 ex
970 837 1094 880 quibus
1119 838 1184 871 hoc
1209 849 1290 872 sane
1316 843 1445 872 certum
1464 843 1527 881 est,
1552 839 1637 873 illud

191 891 260 913 non
285 881 483 915 melioribus
505 892 608 925 quam
625 882 818 925 superiores
835 883 1045 925 argumentis
1063 883 1219 926 probavit
1240 884 1412 919 Wolffius.
1453 884 1572 919 Potius
1590 886 1635 918 ita

192 926 410 960 statuendum
436 931 499 969 est,
524 927 585 969 iis,
613 937 701 970 quae
727 928 816 971 apud
842 927 1010 971 Nepotem
1035 929 1204 972 leguntur,
1231 941 1298 963 non
1323 931 1400 964 leve
1425 935 1637 964 momentum

192 972 353 1005 accedere
371 972 522 1006 Zonarae
540 972 749 1015 testimonio,
776 973 867 1016 quod
886 984 950 1016 ego
970 985 1107 1018 quoque
1125 975 1235 1008 adhuc
1252 977 1402 1019 neglexi;
1430 987 1505 1009 cum
1524 980 1638 1010 tamen

192 1021 374 1061 utrumque
399 1018 634 1052 testimonium
659 1029 727 1052 non
755 1023 822 1052 tam
848 1029 951 1062 grave
977 1020 1031 1061 sit,
1056 1024 1093 1053 ut
1120 1024 1245 1054 certam
1272 1022 1303 1054 ei
1328 1023 1374 1055 rei
1401 1022 1502 1055 fidem
1523 1023 1638 1063 saciat,

192 1066 228 1096 et
243 1063 438 1098 Aristotelis
463 1069 521 1098 aut
546 1064 634 1098 alius
659 1065 825 1107 gravioris
851 1065 1027 1108 scriptoris
1053 1066 1286 1100 testimonium
1314 1067 1418 1109 desit,
1444 1068 1509 1101 hoc
1534 1078 1638 1101 unum

192 1113 361 1151 constare,
386 1111 514 1153 regiam
532 1110 861 1153 Carthaginiensium
880 1115 1088 1154 potestatem
1108 1117 1306 1155 perpetuam
1334 1124 1401 1147 non
1427 1113 1543 1155 fuisse,
1570 1125 1638 1156 quo

192 1156 357 1198 temporis
382 1156 495 1199 spatio
521 1156 774 1200 circumscripta
798 1156 909 1199 fuerit,
935 1157 1087 1199 dubium,
1112 1168 1258 1191 annuam
1276 1158 1383 1192 fuisse
1402 1159 1552 1193 omnium
1571 1169 1640 1192 ma-

191 1200 282 1233 xime
307 1202 483 1244 probabile
509 1212 595 1235 esse.

309 1246 462 1291 Denique
488 1258 546 1288 ea,
581 1258 667 1291 quae
694 1247 784 1291 apud
809 1248 978 1291 Nepotem
1004 1248 1165 1291 leguntur
1189 1249 1207 1291 §
1235 1252 1254 1284 6
1280 1250 1417 1282 Deinde
1442 1261 1537 1283 anno
1559 1254 1642 1293 post

187 1296 418 1335 praeturam,
448 1293 495 1326 M.
522 1294 671 1327 Claudio
696 1293 736 1326 L.
761 1294 877 1326 Furio
905 1294 1126 1336 consulibus,
1160 1295 1207 1328 ita
1240 1298 1371 1328 tantum
1401 1296 1537 1340 probari
1562 1307 1641 1340 pos-

194 1342 292 1379 sunt,
324 1338 351 1371 si
374 1338 543 1372 Hannibal
575 1344 634 1373 aut
666 1350 733 1372 non
768 1340 898 1382 statim,
930 1344 967 1372 ut
992 1340 1109 1381 rediit,
1136 1340 1279 1374 hocest
1305 1351 1393 1375 anno
1419 1353 1451 1385 p.
1479 1342 1535 1375 Ch.
1566 1343 1640 1383 199,

193 1383 254 1417 sed
283 1385 343 1418 197
371 1384 506 1418 demum
525 1390 716 1428 praeturam
735 1386 916 1428 acceperit,
942 1390 999 1418 aut
1018 1397 1085 1419 non
1105 1396 1164 1429 per
1181 1397 1297 1427 unum,
1323 1387 1382 1420 sed
1402 1388 1515 1430 plures
1534 1398 1641 1421 annos

195 1430 352 1463 tenuerit.

308 1476 376 1509 Iam
402 1476 430 1510 si
456 1476 662 1519 quaerimus,
688 1476 770 1519 quid
795 1486 834 1509 ex
854 1476 906 1509 his
924 1477 1082 1510 omnibus
1099 1477 1200 1510 rebus
1219 1477 1343 1521 Nepoti
1364 1479 1510 1512 tribuere
1528 1479 1641 1519 liceat,

194 1531 298 1554 unum
324 1526 469 1563 constat,
494 1522 628 1555 etiamsi
653 1533 771 1555 verum
797 1532 865 1555 non
890 1522 945 1563 sit,
975 1533 1106 1555 annuos
1133 1522 1239 1556 fuisse
1265 1534 1362 1567 reges
1387 1524 1643 1567 Carthaginien-

195 1566 294 1607 sium,
323 1571 446 1609 tamen,
464 1578 540 1600 cum
558 1567 593 1600 id
611 1567 685 1601 aliis
706 1568 855 1611 antiquis
873 1568 1068 1601 hominibus
1086 1568 1133 1601 ita
1150 1569 1261 1602 visum
1280 1570 1335 1612 sit,
1362 1570 1486 1613 Nepoti
1506 1580 1643 1614 quoque

195 1612 303 1645 videri
329 1613 499 1656 potuisse:
535 1617 647 1646 utrum
673 1613 865 1656 gravissimi
892 1624 1042 1655 errores,
1077 1614 1200 1657 quibus
1226 1619 1362 1658 praetor
1389 1616 1644 1658 Carthaginien—

197 1658 283 1692 sium
309 1658 514 1692 discernitur
538 1669 556 1692 a
582 1669 662 1702 rege
688 1662 722 1692 et
747 1659 802 1692 hic
828 1670 888 1702 pro
914 1660 1117 1703 imperatore
1143 1661 1292 1704 ponitur,
1319 1666 1351 1694 et
1374 1662 1489 1705 inepta
1509 1665 1644 1695 senten—

197 1703 318 1737 tiarum
344 1704 554 1745 coniunctio,
579 1715 645 1748 qua
670 1704 773 1738 verba
795 1705 838 1739 Ut
863 1707 955 1737 enim
979 1705 1111 1738 Romae
1136 1706 1296 1739 eonsules
1322 1712 1355 1740 et
1381 1719 1413 1751 q.
1433 1718 1458 1741 s.
1476 1708 1529 1749 iis,
1557 1718 1644 1751 quae

197 1755 297 1784 antea
322 1751 480 1794 legimus,
506 1750 747 1793 adiunguntur,
771 1750 837 1794 ipsi
863 1761 904 1783 an
931 1750 1018 1793 aliis,
1044 1752 1101 1794 qui
1128 1752 1200 1785 eius
1218 1753 1322 1786 verba
1340 1753 1563 1796 corruperint,
1589 1753 1646 1787 de-

196 1795 360 1837 beantur,
393 1796 427 1829 id
460 1800 494 1829 et
521 1796 679 1829 universa
705 1796 881 1839 scriptoris
907 1800 1025 1829 natura
1052 1800 1086 1830 et
1111 1797 1313 1830 emendandi
1338 1799 1439 1832 huius
1463 1799 1531 1831 loci
1557 1798 1646 1832 disfi-

199 1841 308 1875 cultas
333 1841 488 1875 dubitare
514 1852 577 1875 nos
600 1843 702 1885 cogit.
746 1842 856 1875 Unum
876 1846 929 1875 est
946 1841 1132 1875 remedium
1151 1842 1452 1886 simplicissimum,
1478 1844 1538 1877 sed
1555 1844 1644 1878 idem

198 1886 496 1929 violentissimum,
523 1892 559 1921 ut
584 1887 642 1921 illa
668 1888 781 1922 omnia
800 1891 992 1931 postquam
1017 1899 1084 1920 rem·
1099 1888 1234 1930 fuerat,
1259 1900 1355 1921 anno
1372 1890 1526 1922 secundo
1545 1894 1579 1922 et
1596 1893 1646 1923 vi-

199 1934 336 1966 cesimo.
381 1934 423 1968 Ut
440 1936 534 1966 enim
551 1932 684 1966 Romae
709 1934 878 1975 consules,
903 1936 955 1966 sic
975 1934 1192 1976 Carthagine
1213 1937 1408 1977 quotannis
1433 1938 1548 1967 annai
1572 1938 1649 1968 bini

199 1989 300 2021 reges
319 1981 547 2021 creabantur,
572 1984 631 2013 aut
649 1980 793 2013 servatis
812 1983 871 2012 aut
888 1980 972 2023 ipsis
991 1990 1127 2023 quoque
1147 1980 1282 2014 reiectis
1308 1980 1525 2015 inferioribus
1550 1993 1646 2015 anno

196 2027 280 2068 post
289 2029 513 2068 praeturam,
532 2025 645 2069 spuria
663 2025 862 2059 iudicemus.
898 2025 1008 2058 Aliam
1026 2026 1204 2068 rationem,
1226 2037 1292 2069 qua
1310 2031 1526 2060 servarentur
1543 2028 1645 2061 verba

202 2070 246 2104 Ut
269 2073 361 2103 enim
386 2071 516 2104 Romae
543 2071 722 2114 consedes,
755 2074 806 2104 sie
833 2071 1051 2114 Carthagine
1077 2075 1269 2114 quotannz's
1294 2074 1409 2105 annai
1441 2074 1517 2105 bini
1548 2084 1649 2116 reges

201 2117 430 2159 creabantur,
456 2117 532 2150 iniit
548 2116 791 2160 Heusingerus.
831 2117 879 2150 Ita
899 2117 987 2150 enim
1006 2117 1176 2161 Nepotem
1195 2118 1374 2161 scripsisse
1394 2118 1545 2162 putavit:
1572 2120 1648 2153 Huc

200 2164 242 2193 ut
266 2162 386 2204 rediit,
411 2174 478 2195 νοω
501 2162 621 2202 lactas
645 2166 705 2205 est,
730 2167 920 2206 postquam
942 2167 1089 2207 praetor
1106 2162 1238 2206 fuerat,
1264 2175 1359 2196 anno
1376 2164 1530 2197 secando
1550 2169 1584 2197 et
1599 2168 1649 2198 vi—

202 2209 341 2250 cesimo,
367 2212 400 2241 et
422 2211 627 2250 praetorem
652 2209 694 2242 ab
720 2220 760 2242 eo
788 2209 914 2242 dictum
935 2220 1010 2243 esse
1029 2210 1279 2252 imperatorem.
1320 2210 1363 2242 At
1382 2209 1524 2243 Romani
1545 2212 1650 2255 scrip-

202 2257 294 2286 tores
314 2264 394 2287 sane
413 2253 615 2287 Graecarum
643 2254 832 2287 civitatium
859 2252 1082 2301 στρατηγοὺς
1106 2256 1241 2299 proprio
1270 2256 1439 2289 vocabulo
1463 2260 1650 2299 praetores

202 2298 314 2332 dicere
333 2303 553 2341 consuerunt,
573 2299 904 2342 Carthaginiensium
925 2299 1146 2346 στρατηγοὺς
1160 2312 1176 2334 a
1193 2301 1329 2335 Graecis
1345 2301 1547 2345 appellatos,
1566 2314 1651 2346 quo-

202 2355 276 2378 rum
297 2344 462 2378 Punicum
488 2355 610 2378 nomen
638 2346 818 2388 nescimus,
844 2357 1028 2390 numquam
1054 2350 1240 2389 praetores
1265 2351 1474 2381 vocaverunt
1500 2347 1556 2389 (de
1582 2360 1649 2383 uno

203 2390 293 2424 enim
316 2391 401 2423 Livii
427 2391 522 2432 loco,
550 2390 608 2434 qui
632 2391 839 2435 refragatur,
876 2396 976 2426 antea
1001 2392 1181 2434 diximus),
1206 2392 1266 2426 sed
1291 2397 1349 2427 aut
1375 2393 1568 2426 dictatores
1592 2399 1650 2428 aut

203 2436 309 2469 duces
331 2442 386 2471 aut
405 2439 650 2480 imperatores.
691 2437 733 2471 Et
759 2438 971 2472 dictatorem
989 2438 1126 2482 quidem
1145 2438 1201 2471 alii
1220 2439 1378 2481 sufetem,
1404 2439 1460 2472 alii
1479 2450 1566 2482 eum,
1592 2441 1650 2484 qui

205 2481 303 2516 simul
331 2488 363 2516 et
390 2483 483 2516 sufes
509 2486 543 2515 et
568 2482 752 2526 imperator
776 2488 887 2526 esset,
917 2484 1126 2528 appellatum
1153 2484 1281 2528 opinati
1308 2489 1397 2518 sunt.
1447 2484 1539 2524 Quae
1565 2485 1652 2519 salsa

205 2537 280 2562 esse
306 2529 467 2562 evincunt
494 2529 633 2562 Catonis
657 2529 723 2562 loci
749 2530 839 2573 apud
863 2530 948 2564 Gell.
975 2530 1010 2563 11.
1036 2532 1087 2572 19,
1106 2533 1135 2564 9.
1154 2530 1192 2564 X.
1213 2532 1266 2571 24,
1286 2533 1315 2573 7,
1343 2531 1466 2574 quibus
1484 2530 1651 2565 Hannibal

206 2577 285 2617 post
310 2584 459 2618 pugnam
486 2574 712 2617 Cannensem,
747 2586 814 2618 quo
842 2580 994 2620 tempore
1020 2586 1096 2609 eum
1121 2576 1266 2610 sufetem
1295 2576 1398 2610 fuisse
1424 2582 1562 2620 propter
1588 2577 1652 2611 Po-
