1780 2877
249 121 302 161 98
764 125 830 159 xii.
856 126 1078 160 anBmAS.
1113 129 1143 161 3.
1185 103 1188 105 ⁵

249 239 326 276 dux
342 240 638 280 Atheniensium
656 247 777 289 esset3
800 241 838 279 in
856 242 1031 293 Aegypto
1048 254 1116 281 sua
1133 247 1311 303 sponte1³
1292 242 1419 281 cressit.
1459 243 1556 281 Nam
1571 242 1671 283 Nec-

199 303 217 334 2
249 295 407 336 tenebin
432 298 606 337 adiutum
627 298 827 349 piosectus
847 309 1013 349 iegnum
1036 298 1070 337 ei
1092 297 1306 337 constituit.
1348 297 1455 338 Fecit
1475 299 1576 339 idem
1597 299 1670 352 Cy-

248 351 321 402 pii,
342 354 409 392 sed
429 354 583 405 publice
605 355 652 393 ab
673 354 977 394 Atheniensibus
997 354 1199 406 E11aoo1ae
1220 354 1372 393 adiutor
1392 355 1514 404 datus,
1541 368 1671 407 neque

248 420 357 458 plius
385 410 474 449 inde
506 411 702 457 discessit,
736 423 850 461 quam
871 417 989 450 totam
1012 411 1178 450 insulam
1200 410 1301 449 bello
1323 411 1562 461 devinceret3
1595 424 1671 463 qua

197 473 215 504 3
249 477 295 502 ex
316 477 357 504 re
380 467 641 506 Athenienses
662 480 841 518 magnam
863 467 1026 519 gleiiam
1049 474 1142 507 sunt
1161 467 1302 517 adepti.
1343 467 1503 506 Interim
1524 468 1669 508 bellum

246 520 349 560 inter
369 524 473 574 Aeg}
477 523 579 574 ptios
607 529 646 562 et
665 523 801 563 Persas
822 525 1032 563 conflatum
1057 529 1126 563 est.
1168 523 1426 563 Athenienses
1447 537 1534 563 cum
1557 526 1670 564 Arta-

247 589 362 618 xerxe
379 580 604 618 societatem
620 580 826 627 habebant,
843 580 1138 620 Lacedaemonii
1153 592 1242 619 cum
1254 580 1473 631 Aegyptiis·
1465 611 1474 629 ‚
1491 594 1511 619 a
1529 581 1671 632 quibus

247 646 406 686 magnas
427 636 588 686 praedas
609 636 828 686 Agesilaus,
851 649 917 675 rex
941 649 1089 684 eorum,
1111 637 1286 676 iaciebat.
1327 637 1368 675 ld
1391 637 1550 676 intuens
1572 636 1669 677 Cha-

247 689 367 740 brias,
398 705 487 731 cum
509 692 548 730 in
571 703 613 730 re
636 692 740 731 nulla
762 693 937 743 Agesilao
959 694 1133 739 cederet,
1156 706 1225 732 sua
1246 699 1387 744 sponte
1409 706 1474 732 eos
1495 693 1669 733 adiutum

244 750 444 796 profectus
465 748 673 799 Aegyptiae
697 748 808 787 classi
828 749 1017 799 praefuit,
1048 749 1293 800 pedestribus
1313 749 1436 801 copiis
1457 749 1670 801 Agesilaus.

191 813 216 849 3
248 806 346 844 Tum
377 805 562 856 praefecti
592 804 694 855 regis
724 804 864 843 Persae
895 805 1042 856 legatos
1065 806 1256 844 miserunt
1277 806 1447 846 Athenas
1477 812 1668 857 questum,

247 863 349 913 quod
381 861 564 900 Chabrias
594 861 796 900 adversum
827 873 958 912 regem
990 861 1135 900 bellum
1167 869 1320 912 gereret
1346 875 1436 901 cum
1457 862 1670 915 Aegyptiis.

245 918 503 958 Athenienses
520 918 621 957 diem
642 923 788 957 certam
805 917 990 957 Chabriae
1012 918 1330 969 praestituerunt,
1353 931 1468 969 quam
1489 925 1579 958 ante
1599 919 1668 958 do-

244 988 352 1014 mum
370 975 444 1014 nisi
462 975 635 1022 redisset,
653 974 790 1025 capitis
804 986 845 1013 se
861 974 970 1013 illum
986 975 1238 1014 damnaturos
1253 974 1549 1014 denuntiarunt.
1584 974 1669 1013 Hoc

244 1033 308 1071 ille
326 1032 464 1071 nuntio
482 1032 653 1070 Athenas
668 1031 784 1069 rediit
800 1044 927 1082 neque
944 1031 997 1070 ibi
1013 1031 1159 1070 diutius
1175 1036 1232 1070 est
1251 1036 1438 1078 moratus,
1460 1043 1576 1082 quam
1597 1031 1672 1070 fuit

196 1099 214 1130 2
245 1102 417 1128 necesse.
453 1088 539 1127 Non
555 1087 660 1126 enim
677 1087 845 1126 libenter
861 1094 942 1126 erat
958 1096 1048 1127 ante
1065 1088 1200 1126 oculos
1214 1100 1376 1127 sucrum
1393 1087 1546 1135 civium,
1565 1087 1668 1138 quod

246 1152 283 1185 et
311 1145 460 1184 vivebat
489 1145 591 1183 laute
621 1150 658 1183 et
686 1144 913 1195 indulgebat
942 1144 1015 1183 sibi
1039 1144 1256 1191 liberalius,
1288 1156 1403 1195 quam
1423 1150 1467 1183 ut
1487 1143 1669 1183 invidiam

196 1211 214 1242 3
245 1202 346 1252 vulgi
377 1207 510 1253 posset
538 1202 722 1252 effugere.
763 1200 833 1239 Est
855 1201 959 1240 enim
981 1202 1054 1240 hoc
1072 1213 1281 1240 commune
1301 1200 1436 1240 vitium
1457 1200 1497 1239 in
1519 1200 1670 1252 magnis

241 1324 424 1357 scheinlirh
462 1324 553 1357 seine
590 1321 783 1355 Herrschaft
820 1324 913 1362 (2,1

240 1380 390 1412 regnum
425 1371 456 1401 ez·
486 1370 701 1409 constituit):
747 1367 835 1400 denn
868 1367 918 1399 als

240 1415 298 1448 der
322 1415 443 1447 zweite
469 1413 673 1447 Nectenebis
703 1413 774 1446 sich
808 1422 915 1455 gegen

240 1460 372 1493 Tachus
391 1462 542 1502 emperte
565 1458 634 1491 und
650 1457 828 1500 Agesilaus
845 1457 916 1490 sich

236 1507 350 1546 jenem
375 1505 563 1545 auschloss,
589 1513 660 1536 war
677 1503 836 1535 Chabrias
861 1503 918 1535 da-

240 1551 301 1584 mit
316 1550 408 1583 nicht
422 1548 679 1582 eim-erstanden
698 1548 799 1588 (Plut.
814 1547 914 1590 Ages.

241 1599 296 1637 37)
344 1595 412 1628 und
455 1594 595 1627 verliess
636 1593 916 1626 wahrscheinlich

239 1642 430 1684 Aegypten.
466 1640 499 1672 In
519 1638 649 1672 Betrefl'
669 1638 728 1671 des
745 1638 916 1681 Euagoras

238 1687 283 1719 ist
315 1686 373 1718 der
396 1684 574 1718 Ausdruck
603 1694 754 1725 regnum
778 1686 811 1715 ei
835 1695 916 1716 con-

237 1734 357 1763 stituit
375 1729 558 1771 jedensalls
579 1729 760 1771 unrichtig,
785 1729 825 1762 da
844 1729 917 1762 der-

239 1776 331 1809 selbe
356 1776 461 1808 sehon
489 1775 552 1808 seit
578 1778 666 1807 etwa
691 1777 757 1807 410
781 1785 812 1807 V.
840 1775 914 1808 Chr.

237 1821 417 1854 Herrscher
451 1831 519 1853 von
554 1819 697 1853 Salamis
730 1829 818 1857 war;
854 1830 917 1853 nur

237 1877 277 1899 an
316 1866 373 1899 der
408 1865 640 1907 Ausbreitung
676 1864 785 1897 seiner
821 1864 917 1897 Herr-

237 1911 348 1944 schast
364 1911 458 1944 hatte
474 1910 633 1943 Chabrias
647 1909 795 1944 Antheil.
821 1909 913 1943 Dem.

234 1956 306 1990 XX.
333 1956 422 1998 §w
464 1956 566 1989 Grote
590 1955 710 1988 Gesch.
736 1955 915 1988 Griechen-

235 2001 332 2035 lands
358 2001 397 2036 V.
424 2003 488 2035 320
504 2000 537 2033 ff.

280 2057 316 2092 2.
344 2060 369 2091 l.
385 2057 611 2090 Nectenebin.
637 2056 795 2089 Derselbe
808 2056 913 2089 Name

236 2104 279 2136 ist
303 2102 517 2135 Nectanabis
541 2102 604 2144 Ag.
623 2104 653 2143 8,
672 2103 701 2135 6.
740 2101 783 2134 Es
808 2101 913 2134 findet

235 2148 307 2181 sich
332 2148 417 2182 auch
443 2148 530 2180 noch
554 2146 757 2180 Nectenibis
789 2146 912 2188 (Theo-

236 2204 337 2236 pomp
369 2193 401 2226 h.
434 2192 533 2226 Phot.
562 2194 669 2233 120³,
702 2194 743 2224 34
778 2191 911 2233 Bekk.)‚

235 2239 455 2279 Nectanebss,
480 2237 704 2270 Nectanebus
720 2238 912 2276 (Νεκτανε-

234 2281 334 2326 βιός).
349 2303 392 2308 —-
418 2283 579 2316 adiutum
593 2281 784 2324 profectus.
821 2281 912 2314 Wie-

236 2330 292 2362 der
318 2329 386 2372 §3.
433 2327 466 2361 S.
492 2339 543 2361 zu.
570 2327 642 2360 Dat.
669 2330 699 2368 5,
726 2329 756 2361 6.

280 2388 310 2419 3.
329 2385 457 2417 bellum
470 2386 662 2424 conflatum
676 2387 727 2416 est
740 2384 804 2416 wie
814 2383 907 2417 Eum.

236 2435 265 2464 ὁ·
281 2434 322 2507 Ild.
343 2477 493 2507 intuens.
541 2473 574 2507 S.
600 2485 641 2507 zu
666 2473 737 2506 Alc.
763 2477 794 2515 4,
823 2476 850 2506 1.

281 2531 300 2551 α
326 2522 449 2561 qulbus
473 2539 516 2543 -—
540 2518 705 2558 faciebat.
737 2518 909 2560 Wegwer-

236 2564 350 2597 sender
373 2563 549 2597 Ausdruck
575 2564 687 2605 dasfir,
721 2563 799 2597 dass
822 2564 909 2606 Age-

989 1322 1093 1355 silaus
1130 1333 1246 1364 grosse
1285 1322 1458 1356 Vortheile
1496 1332 1564 1356 von
1603 1322 1667 1355 den

988 1367 1185 1410 Aegyptern
1217 1377 1299 1409 zog,
1333 1368 1482 1401 welches
1514 1367 1576 1401 mit
1608 1367 1669 1401 des

987 1412 1102 1455 Nepos
1139 1413 1271 1455 eignem
1307 1412 1366 1446 der
1398 1412 1575 1446 Wahrheit
1610 1423 1668 1455 ge-

986 1459 1120 1490 m'assen
1146 1457 1282 1491 Bericht
1304 1458 1367 1500 Ag.
1390 1461 1420 1500 ἵ,
1441 1460 1460 1492 2
1485 1458 1519 1490 in
1537 1457 1668 1491 Wider-

988 1503 1110 1546 spruch
1135 1504 1235 1538 steht.

1030 1556 1067 1594 3.
1096 1563 1123 1594 1.
1149 1562 1245 1603 regis
1261 1561 1396 1594 Persae.
1434 1558 1468 1593 S.
1489 1570 1531 1593 zu
1547 1558 1665 1592 Them.

987 1606 1018 1645 8,
1031 1607 1216 1683 a2d'versum
1246 1661 1365 1693 regem
1383 1650 1511 1683 bellum
1523 1652 1667 1692 gereret

988 1706 1065 1727 cum
1090 1697 1288 1740 Aegyptiis,
1330 1696 1367 1730 B.
1392 1695 1461 1729 Afr.
1487 1696 1524 1737 8,,
1549 1697 1568 1728 5
1603 1696 1666 1737 qm·

986 1751 1064 1773 cum
1103 1752 1141 1774 eo
1175 1742 1301 1774 bellum
1337 1743 1463 1774 contra
1497 1751 1534 1772 se
1563 1749 1664 1782 gere-

986 1787 1136 1874 bailzztcnm
1170 1835 1260 1865 ante.
1304 1831 1338 1865 S.
1369 1843 1410 1865 zu
1436 1831 1535 1865 Paus.
1560 1833 1598 1872 4,
1623 1832 1660 1868 4;

984 1876 1067 1909 iiber
1091 1888 1202 1919 neque
1226 1888 1266 1910 zu
1292 1876 1408 1910 Them.
1438 1879 1488 1918 10,
1512 1878 1544 1910 4.

1030 1935 1128 1966 2—4.
1169 1933 1247 1966 Dies
1279 1933 1324 1966 ist
1353 1943 1413 1966 aus
1443 1932 1661 1975 Theopomps

987 1981 1098 2012 13tem
1123 1977 1160 2011 B.
1186 1978 1244 2011 der
1261 1977 1513 2021 Philippischen
1539 1977 1660 2011 Gesch.

982 2024 1118 2061 (A.then
1149 2023 1308 2056 xl1.532
1327 2022 1363 2055 B.
1398 2022 1526 2064 Fragm.
1555 2022 1658 2056 117b.

981 2067 1104 2108 Mum:
1148 2064 1197 2101 Οὐ
1228 2064 1423 2109 δυνάμενος
1452 2065 1492 2100 δὲ
1523 2067 1589 2121 ζῆν
1619 2068 1660 2100 ἐν

980 2113 1025 2159 τῇ
1050 2109 1170 2152 πόλει,
1204 2111 1249 2145 τὰ
1280 2114 1349 2155 μὲν
1380 2109 1440 2145 δια
1467 2110 1535 2154 τὴν
1559 2109 1660 2145 ἀσέλ-

980 2170 1091 2210 γειαν
1106 2160 1166 2190 καὶ
1183 2155 1243 2191 διὰ
1258 2171 1326 2199 την
1342 2155 1576 2191 πολυτέλειαν
1591 2157 1660 2198 τὴν

981 2201 1404 2291 ἔῖἶοῗοὺῖηὲἕξῖἷαῖἷέ·
1423 2200 1660 2302 βὲῗᾶσῖαγέἔ

980 2293 1049 2325 εἰσι
1072 2291 1242 2334 χαλεποί,
1267 2290 1324 2326 διὸ
1348 2295 1408 2325 καὶ
1433 2291 1571 2326 εἵλοντο
1595 2289 1656 2325 αὖ·

979 2338 1056 2371 τῶν
1074 2337 1110 2370 οἱ
1127 2336 1267 2392 έᾶκῖδοξοι
1287 2338 1357 2378 ἔξω
1370 2338 1431 2380 τῆς
1442 2335 1580 2371 πόλεως
1595 2351 1661 2371 uae

979 2384 1140 2425 ταβιοῦν,
1157 2381 1357 2439 Ἰφικράτης
1380 2384 1446 2426 μὲν
1462 2384 1502 2416 ἐν
1520 2379 1656 2437 Θράκῃ),

978 2428 1112 2461 Κόνων
1129 2426 1166 2461 δ’
1186 2431 1225 2461 έν
1243 2429 1393 2473 Κύπρῳ,
1424 2431 1509 2471 Τιμυ
1499 2417 1652 2461 ’θεοςὸ“

978 2474 1017 2505 ἐν
1041 2475 1201 2528 Λέσβῳ,
1232 2461 1350 2518 Σάρης
1379 2471 1414 2506 δ’
1449 2474 1489 2505 ἐν
1520 2475 1654 2528 Σιγείῳ

977 2521 1036 2550 καὶ
1062 2515 1168 2552 αὐτὸς
1184 2516 1202 2552 ὁ
1220 2522 1385 2563 Χαβρίας
1405 2519 1446 2552 ἐν
1461 2517 1653 2564 Αἰγύπτῳ.

978 2563 1047 2596 Den
1074 2563 1233 2597 Vorwurs
1260 2565 1318 2598 der
1343 2564 1571 2606 Schwelgerei
1595 2564 1655 2597 hat
