1780 2877
228 180 309 218 234
712 179 966 213 KRITISCHER
991 180 1181 213 ANHANG.

343 296 422 328 Con.
442 296 472 335 3.
495 297 508 328 1
536 294 654 338 Neque
680 294 713 326 id
739 299 809 327 erat
834 293 1021 326 mirandum
1048 294 1133 326 nach
1159 293 1234 326 dem
1258 293 1348 326 Leid.
1366 294 1434 326 und
1451 294 1564 327 Pam:
1592 293 1657 327 Ne-

227 351 292 385 que
317 341 351 373 id
375 340 572 374 mirandum.

342 386 425 419 Dion
453 389 484 425 5,
509 388 527 418 2
554 390 728 429 tyrannus,
754 395 779 417 s.
807 385 904 417 Anm.
929 403 973 407 —
999 386 1030 424 5,
1055 386 1074 417 6
1100 383 1300 426 Dionysius:
1330 383 1482 418 Dion...
1507 404 1551 408 —-
1578 386 1607 423 8,
1635 387 1653 418 2

228 431 424 466 dissidentis
450 442 530 464 suos
556 440 686 463 sensus.
728 429 810 463 Dem
836 429 1130 471 Zusammenhang
1155 428 1441 472 entsprechender
1464 429 1509 463 ist
1526 429 1655 463 Bremis

227 477 405 511 dissidenti
429 486 510 509 suos
535 485 665 508 sensus.
691 494 733 499 —
759 477 791 517 9,
817 477 835 508 6
863 475 1007 518 propria,
1033 485 1058 508 s.
1084 474 1181 508 Anm.

341 522 459 555 Chabr.
487 523 517 555 3.
542 523 563 554 4
594 521 651 553 hat
683 531 774 553 zwar
798 520 897 563 Nipp.
930 520 983 553 die
1008 520 1123 553 Lesart
1155 529 1234 553 vom
1269 518 1417 561 Sangall.
1448 525 1655 554 recesserant

226 567 454 605 beibehalten‚
481 566 521 598 da
548 565 627 598 aber
653 565 706 598 die
731 566 826 598 beste
852 565 1131 607 Ueberlieferung
1156 566 1199 597 im
1227 564 1308 597 Dan.
1334 565 1403 597 und
1427 564 1521 599 Parc.
1547 576 1657 599 reces-

227 615 329 647 serint
357 612 431 645 dem
458 611 561 643 Sinne
588 611 755 643 durchaus
781 621 1002 653 angemessen
1030 611 1084 651 ist,
1111 622 1148 644 so
1174 610 1219 643 ist
1245 610 1394 643 dieselbe
1415 612 1514 652 jener
1538 621 1657 644 vorzu-

226 659 357 692 ziehen.
383 677 426 681 —
452 659 482 696 4,
513 659 525 689 1
554 656 776 698 aspiciebant,
801 666 826 688 s.
854 656 950 688 Anm.
1401 688 1406 697 ¹

341 702 487 735 Timoth.
503 703 534 735 3.
558 704 566 733 1
598 700 787 743 Philippus,
812 701 878 733 iam
904 704 976 733 tum
1000 701 1128 741 valens,
1153 700 1292 734 Macedo
1317 700 1423 734 multa
1445 701 1658 736 moliebatur.

227 749 287 782 Die
314 748 471 790 Stellung
495 757 563 779 von
589 745 729 779 Macedo
755 745 867 778 durfte
893 745 964 778 sich
990 745 1191 778 schwerlich
1217 746 1321 779 durch
1345 746 1463 781 Thras.
1490 749 1521 789 3,
1542 750 1556 781 1
1584 747 1656 781 Hoc

227 795 359 827 deiecto
385 792 571 825 Pausanias
604 792 697 824 venit
727 791 850 824 Atticis
883 791 1027 831 auxilio,
1059 801 1115 823 rex
1149 791 1500 825 Lacedaemoniorum.
1541 792 1655 826 halten

227 840 351 872 lassen.
400 837 463 870 Mir
493 837 626 870 scheint
657 836 710 869 die
737 836 949 878 Versetzung
976 837 1076 877 Jenes
1102 835 1216 869 Worts
1250 836 1360 869 hinter
1394 836 1571 881 Philippus
1602 838 1656 871 die

225 885 322 917 beste
348 883 515 916 Remedur
540 894 580 915 zu
607 883 689 915 sein.
715 901 759 905 —-
785 884 815 921 3,
843 884 861 915 3
888 882 1045 914 oriretur:
1073 885 1233 914 oreretur.
1275 881 1378 915 Jenes
1403 882 1495 915 steht
1516 883 1550 915 in
1568 883 1656 917 allen

227 929 323 963 Hdss.
352 939 468 962 ausser
494 928 569 961 dem
584 927 820 960 Wolffenbutt.
846 926 914 960 und
939 927 1034 961 Eum.
1055 928 1104 967 12,
1124 929 1142 960 3
1162 927 1207 959 ist
1228 937 1263 960 es
1282 927 1369 960 ohne
1383 926 1543 961 Variante
1559 928 1657 962 fiber-

225 975 346 1009 liesert.
372 994 415 997 —
442 977 473 1012 4,
498 976 517 1007 6
544 973 700 1013 feremus,
727 984 752 1007 s.
778 974 875 1005 Anm.

340 1019 413 1052 Dat.
441 1021 470 1053 6.
501 1022 515 1052 1
542 1019 715 1062 quasdam.
742 1029 768 1051 s.
794 1019 890 1050 Anm.

342 1065 400 1108 Ep.
427 1066 458 1105 2,
485 1068 503 1098 5
537 1064 761 1098 contendere.
795 1074 821 1097 5.
848 1064 944 1096 Anm.
970 1082 1014 1085 ——
1040 1065 1070 1096 3.
1097 1065 1115 1095 2
1146 1063 1237 1106 quod
1262 1063 1430 1096 interdum
1455 1075 1522 1098 non
1547 1065 1657 1099 minus

226 1111 374 1154 prodest,
401 1120 426 1142 s.
452 1110 550 1143 Anm.
577 1129 620 1133 -
647 1111 677 1150 S,
703 1113 721 1142 S
749 1119 851 1142 ausus
877 1109 952 1145 fuit.
979 1119 1003 1141 s.
1031 1109 1127 1141 Anm.
1155 1128 1198 1132 —
1228 1111 1277 1147 10,
1303 1110 1322 1142 3
1349 1108 1544 1143 Cadmeam:
1576 1110 1660 1144 Cad-

226 1157 338 1189 miam.
368 1155 415 1187 lm
433 1155 615 1198 Pelopidas
634 1156 678 1188 ist
695 1165 757 1187 nur
775 1154 919 1187 Cadmea
937 1153 1143 1188 iiberliefert.
1182 1153 1215 1186 S.
1230 1153 1430 1188 Fleckeisen
1440 1165 1468 1189 a.
1483 1166 1511 1189 a.
1527 1155 1564 1190 Ο.
1581 1157 1657 1199 334,

224 1202 323 1235 Anm.
338 1203 390 1234 25.
417 1220 460 1225 —
486 1200 629 1243 pugnari
655 1203 813 1243 coeptum
840 1204 909 1232 est:
936 1210 1048 1243 pugna
1075 1200 1198 1243 coepit.
1220 1218 1258 1222 —
1292 1202 1340 1242 10,
1359 1202 1378 1233 4
1403 1200 1429 1233 it
1455 1201 1541 1234 wird
1565 1201 1658 1235 wohl

225 1247 287 1280 mit
312 1246 409 1279 Halm
433 1246 467 1278 in
492 1246 555 1278 ibit
580 1256 621 1278 zu
646 1245 866 1278 x-erwandeln
891 1245 973 1278 sein.

340 1291 410 1324 Pel.
438 1293 468 1333 2,
495 1292 514 1324 2
541 1301 616 1323 curn
645 1296 776 1334 tempus
802 1294 891 1324 esset
917 1291 1042 1323 visum:
1078 1301 1153 1323 cum
1180 1293 1312 1333 tempus
1342 1294 1394 1324 est
1418 1292 1541 1326 visum.

338 1337 401 1379 Ag.
427 1339 458 1377 5,
485 1337 503 1369 3
530 1347 565 1369 56
592 1336 680 1369 enim
706 1346 783 1369 eum
808 1346 894 1377 esse,
921 1336 994 1379 qui:
1022 1346 1057 1369 se
1083 1336 1172 1368 enim
1198 1345 1274 1368 eum
1299 1346 1374 1370 esse
1400 1336 1494 1378 dixit,
1519 1338 1587 1381 qui.
1613 1357 1657 1362 --

226 1385 256 1422 6,
284 1384 302 1415 2
328 1382 363 1415 id
388 1392 423 1415 se
450 1392 602 1425 quoque:
637 1385 669 1414 et
695 1392 731 1414 se
756 1381 789 1413 id
816 1391 962 1425 quoque.
989 1401 1033 1404 —
1059 1383 1088 1415 8.
1117 1383 1134 1414 2
1160 1381 1315 1414 homines
1340 1391 1415 1414 esse
1441 1393 1508 1416 non
1534 1383 1658 1416 beatis-

226 1429 345 1461 simos:
372 1428 526 1460 homines
552 1438 618 1461 non
646 1427 872 1460 beatissimos.
923 1426 956 1459 S.
984 1426 1182 1459 Fleckeisen
1209 1436 1236 1459 a.
1253 1436 1281 1458 a.
1297 1425 1333 1459 Ο.
1361 1428 1435 1461 330.

336 1473 431 1505 Eum.
459 1475 489 1513 3,
516 1475 536 1506 4
563 1473 682 1505 summi
708 1472 854 1515 imperii:
882 1482 1046 1504 summam
1072 1471 1214 1514 imperii.
1254 1471 1351 1504 Auch
1377 1472 1453 1515 Lys.
1475 1476 1503 1514 1,
1522 1475 1540 1505 5
1567 1473 1658 1506 stelit

224 1528 392 1551 summum
417 1517 603 1560 imperium.
630 1537 673 1541 —
700 1519 731 1559 3,
757 1519 776 1551 6
802 1518 932 1560 Atque:
959 1517 1083 1560 itaque.
1134 1517 1166 1549 S.
1193 1515 1288 1549 Halm
1318 1527 1346 1549 Ζ.
1374 1516 1422 1550 St.
1447 1537 1492 1541 m-
1518 1520 1550 1559 9,
1574 1520 1593 1551 4
1621 1523 1655 1552 et

225 1564 420 1597 assimulata
447 1566 632 1596 castrorum
658 1562 914 1604 consuetudine,
940 1573 965 1595 5.
983 1563 1080 1596 Anm.
1108 1582 1150 1587 —
1180 1564 1230 1603 10,
1251 1565 1260 1594 1
1295 1561 1351 1594 Sic
1375 1562 1543 1596 Eumenes
1567 1564 1654 1597 nach

223 1608 428 1651 Heusinger:
453 1608 514 1640 Hic
530 1608 708 1641 Eumenes.
728 1627 771 1631 ——
793 1610 842 1649 11,
869 1610 886 1640 3
914 1607 1109 1640 deuteretur
1134 1608 1243 1640 victo:
1271 1611 1420 1641 uteretur
1444 1608 1590 1644 devicto.
1610 1629 1654 1634 —-

227 1656 277 1695 11,
296 1657 314 1687 5
341 1654 460 1697 Neque
484 1653 518 1686 id
544 1657 614 1686 erat
638 1653 761 1686 falsum
783 1653 844 1685 mit
862 1652 937 1686 dem
955 1652 1131 1685 Parcensis
1156 1652 1223 1685 und
1250 1651 1308 1685 der
1325 1651 1561 1687 Ultraiectina:
1587 1654 1654 1687 Ne-

225 1710 290 1742 que
316 1699 349 1732 id
375 1699 507 1732 falsum.
535 1718 579 1723 —
610 1701 659 1740 13,
691 1701 701 1731 1
729 1698 945 1741 reppulisset:
976 1698 1167 1741 repulisset.

338 1743 441 1778 Phoc.
468 1746 499 1785 4,
528 1746 541 1777 1
569 1743 639 1776 Huc
664 1747 701 1776 ut
727 1746 927 1786 perventum
953 1748 1003 1776 est
1029 1743 1090 1776 mit
1115 1743 1191 1776 dem
1216 1743 1322 1785 Parc.‚
1348 1743 1457 1777 einem
1482 1744 1652 1778 Romanus

223 1789 292 1822 und
316 1789 374 1822 der
397 1789 534 1822 Ultrai.:
560 1789 632 1821 Huc
657 1792 858 1831 perventum
883 1792 945 1823 est.

337 1834 443 1867 Hann.
471 1837 502 1873 7,
532 1837 542 1866 1
573 1835 736 1877 [itemque
761 1833 873 1876 Mago,
898 1833 1001 1866 frater
1025 1833 1138 1874 eiusl:
1169 1833 1319 1877 itemque
1344 1845 1375 1868 u.
1395 1845 1420 1867 s.
1436 1845 1477 1868 W.
1507 1853 1544 1858 —
1575 1837 1606 1877 8,
1631 1836 1650 1868 2

224 1880 383 1913 servolis:
406 1879 561 1912 servulis.
579 1899 616 1903 —
634 1881 664 1919 8,
679 1882 699 1912 4
722 1878 840 1920 [Quo]:
865 1878 949 1917 Quo.
965 1899 1010 1902 —
1032 1881 1081 1919 10,
1101 1882 1111 1912 1
1134 1879 1204 1912 suis
1224 1880 1325 1913 rebus
1345 1880 1501 1913 omnibus
1518 1879 1652 1913 Poenus

223 1925 332 1958 illusis
359 1924 593 1957 Cretensibus:
622 1935 646 1957 5.
662 1936 685 1957 r.
702 1924 738 1956 P.
751 1925 771 1957 i.
788 1924 822 1958 C.
838 1924 1005 1958 omnibus.
1021 1943 1063 1948 —-
1084 1926 1132 1966 10,
1151 1926 1169 1958 3
1189 1935 1255 1968 quo
1272 1925 1382 1968 magis
1400 1925 1558 1968 cupiebat
1575 1935 1652 1958 eum

224 1969 390 2003 Hannibal
411 1970 555 2012 opprimi
573 1970 684 2002 hinter
702 1970 919 2003 societatem:
945 1970 1056 2002 hinter
1074 1974 1107 2003 et
1125 1971 1208 2002 mari
1226 1974 1259 2003 et
1278 1974 1373 2003 terra.
1392 1990 1437 1993 —
1467 1973 1516 2011 11,
1535 1972 1553 2003 3
1578 1980 1652 2013 rep-

224 2016 327 2058 perit:
353 2016 488 2058 reperit.
516 2035 558 2039 —-
584 2015 790 2058 reperiebat:
816 2015 1058 2058 reperiebatur.
1082 2034 1122 2039 —-
1155 2017 1203 2056 13,
1229 2017 1247 2049 2
1275 2015 1452 2049 Volsonis:
1479 2014 1650 2049 Vulsonis.

337 2061 419 2094 Cato
446 2063 476 2102 3,
502 2063 523 2094 4
546 2060 804 2104 Reliqua[que]:
831 2060 1053 2103 Reliquaque.

337 2106 405 2139 Att.
422 2108 452 2147 3,
474 2109 486 2139 1
517 2106 621 2149 [quod
646 2106 800 2139 nonnulli
824 2106 872 2138 ita
896 2106 1170 2148 interpretantur,
1199 2105 1307 2138 amitti
1332 2105 1506 2139 civitatem
1530 2105 1653 2140 Roma-

223 2161 298 2184 nam
317 2151 382 2184 alia
401 2151 538 2191 ascita]:
566 2151 657 2195 quod
675 2162 705 2183 n.
719 2151 739 2184 i.
758 2151 791 2192 i.,
814 2161 842 2184 a.
857 2161 884 2185 c.
900 2150 937 2183 R.
954 2161 981 2183 a.
997 2150 1113 2183 ascita.
1127 2170 1171 2174 —
1189 2153 1219 2193 3,
1234 2152 1253 2184 2
1279 2150 1434 2184 Phidiae:
1460 2150 1594 2184 Midiae.
1607 2170 1651 2175 —

222 2199 253 2238 3,
268 2198 286 2230 3
305 2199 342 2229 ut
360 2196 500 2229 eandem
519 2201 552 2229 et
569 2197 712 2239 patriam
730 2196 870 2229 haberet
887 2200 921 2229 et
939 2196 1090 2229 domum:
1113 2200 1150 2229 ut
1168 2196 1308 2229 eandem
1327 2196 1496 2240 propriam
1513 2196 1653 2230 haberet

223 2241 369 2275 domum.
394 2261 439 2265 --
464 2244 495 2283 4,
523 2244 541 2275 2
574 2252 742 2285 nusquam
767 2251 844 2274 eum
870 2242 956 2275 nach
980 2241 1135 2275 Lambin:
1169 2252 1347 2285 nusquam.
1373 2261 1418 2265 -—
1442 2244 1474 2284 4,
1499 2244 1518 2276 5
1545 2241 1651 2281 Quem

223 2287 471 2320 discedentem:
499 2286 605 2325 Quem
631 2286 729 2321 diem.
746 2306 792 2311 —
812 2289 843 2328 8,
866 2289 879 2320 1
909 2286 1070 2320 Secutum
1096 2289 1148 2320 est
1173 2286 1268 2329 illud,
1293 2298 1318 2321 s.
1334 2287 1538 2330 Anm.—8,
1554 2289 1574 2321 4
1591 2287 1652 2321 sed

224 2342 345 2375 neque,
371 2343 397 2366 s.
423 2333 521 2366 Anm.
551 2352 587 2356 -—
617 2334 648 2373 9,
674 2334 695 2372 4
720 2333 792 2365 sine
818 2332 944 2375 Attico,
971 2332 1117 2374 Atticus,
1143 2343 1169 2366 5.
1187 2332 1284 2366 Anm.
1311 2344 1353 2366 zu
1379 2334 1409 2374 8,
1435 2335 1529 2367 4.-
1554 2334 1603 2375 10,
1629 2335 1648 2367 5

225 2377 343 2420 Neque
369 2378 458 2410 enim
485 2388 565 2411 suae
583 2378 693 2411 solum
711 2389 730 2411 a
747 2388 919 2421 quoquam
937 2378 1099 2411 auxilium
1118 2378 1216 2421 petiit
1233 2378 1367 2419 salutis,
1392 2377 1452 2411 sed
1469 2377 1650 2419 coniuncti,

223 2432 249 2456 5.
264 2422 362 2457 Anm.
379 2443 423 2447 -
446 2425 495 2464 10,
522 2425 541 2457 6
566 2423 665 2456 laude
692 2423 806 2463 fertur,
832 2433 858 2457 s.
873 2424 970 2457 Anm.
988 2443 1032 2447 —
1055 2425 1103 2465 11,
1125 2425 1139 2456 1
1168 2433 1269 2467 quam
1292 2427 1330 2457 ut
1355 2433 1457 2467 quam
1479 2422 1649 2466 plurimis:

223 2478 323 2509 quam
348 2472 385 2501 ut
410 2469 630 2512 plurimis.—-
654 2471 702 2510 12,
729 2471 748 2502 2
775 2469 936 2510 triumvir,
963 2479 989 2503 5.
1005 2470 1102 2502 Anm.
1119 2487 1165 2493 —
1194 2470 1244 2511 12,
1262 2472 1283 2503 4
1309 2470 1450 2512 [quem]:
1477 2477 1588 2511 quem.
1606 2487 1651 2492 —

226 2514 276 2553 13,
303 2515 321 2546 6
350 2513 420 2546 Nec
445 2514 636 2557 praeteribo
661 2534 704 2538 —
730 2517 861 2557 putem,
888 2533 932 2538 —
956 2514 1123 2555 [scimus]:
1157 2514 1277 2558 Neque
1302 2515 1366 2547 hoc
1391 2513 1580 2556 praeteribo
1606 2532 1650 2538 -‹

221 2560 355 2599 putem:
374 2578 418 2584 ss
436 2559 571 2593 scimus.
592 2579 631 2584 —
656 2562 704 2600 16,
724 2562 742 2593 3
768 2559 932 2593 sedecim:
959 2559 1125 2594 undecim.
1143 2579 1187 2584 —
1212 2562 1266 2601 20,
1284 2561 1305 2593 4
1330 2558 1485 2592 ultumis:
1511 2558 1649 2593 ultimis.

220 2621 264 2624 —
290 2603 343 2643 20,
370 2607 387 2637 5
415 2605 605 2646 [incidereh
638 2605 796 2638 incidere.
822 2625 866 2629 -—
892 2607 946 2647 22,
972 2606 990 2637 2
1017 2607 1197 2648 [quoque]:
1228 2613 1374 2648 quoque.
