1780 2877
264 140 343 179 1⁶22
740 141 811 176 XV.
836 141 1159 177 EPAMINONDAS.
1185 144 1216 176 4.

259 258 471 309 plurimum
495 258 689 309 diligebat.
721 257 914 309 Micythus
934 256 1249 308 Epaminondam
1270 257 1454 296 convenit
1475 264 1513 296 et
1532 270 1690 298 causam

259 315 449 354 adventus
470 314 740 353 Diomedontis
762 314 945 353 ostendit.
981 315 1030 352 At
1051 313 1112 352 ille
1135 313 1382 352 Diomedonti
1404 326 1536 353 coram
1553 310 1687 354 ‘Nihil'

259 371 387 422 inquit
403 366 521 423 ‘opus
537 371 703 422 pecunia
721 377 790 410 est.
832 371 928 409 Nam
949 370 982 410 si
1002 383 1071 409 rex
1091 383 1134 409 ea
1150 370 1242 417 vult,
1265 382 1363 421 quae
1381 370 1576 410 Thebanis
1596 377 1689 410 sunt

259 428 379 476 utilia,
402 428 520 480 gratis
542 428 669 466 facere
690 440 777 467 sum
798 434 976 478 paratus3
998 427 1059 467 sin
1081 432 1210 466 autem
1233 427 1449 473 contraria,
1469 440 1549 467 non
1572 428 1688 467 habet

258 485 341 524 auri
362 492 479 535 atque
495 485 646 535 argenti
663 485 767 524 satis.
809 484 986 535 Namque
1007 484 1114 523 orbis
1135 490 1329 523 terrarum
1345 483 1494 523 divitias
1509 484 1687 536 accipere

208 548 228 578 3
259 542 350 581 nolo
372 554 444 592 pro
467 541 613 592 patriae
635 541 806 580 caritate.
848 541 907 580 Tu
925 541 1028 592 quod
1050 553 1112 580 me
1134 540 1380 592 incognitum
1397 541 1595 592 temptasti
1611 541 1688 580 tui-

258 611 333 649 que
355 597 519 637 similem
543 597 780 645 existimasti,
804 610 884 636 non
906 598 1028 636 miror
1042 597 1192 649 tibique
1209 597 1396 649 ignosco;
1418 598 1484 637 sed
1502 598 1687 649 egredere

258 667 439 706 propere,
463 667 512 692 ne
535 654 630 693 alios
651 666 892 705 corrumpas,
917 666 1008 693 cum
1028 666 1091 693 me
1114 667 1196 693 non
1218 654 1407 705 potueris.
1449 653 1499 693 Et
1519 659 1582 702 tu,
1615 654 1687 693 Mi·
1727 678 1734 681 -

256 712 381 763 cythe,
403 716 611 761 argentum
631 710 722 749 huic
742 711 881 757 redde,
902 716 989 758 aut,
1018 711 1094 749 nisi
1123 711 1160 749 id
1189 711 1396 750 confestim
1419 710 1532 760 facis,
1556 723 1628 762 ego
1650 717 1687 750 te

205 775 225 806 4
254 768 402 807 tradam
424 761 690 818 magistratui?
736 767 852 806 Hunc
875 767 1094 805 Diomedon
1127 779 1214 806 cum
1236 773 1413 819 rogaret,
1434 773 1478 807 ut
1498 773 1583 807 tuto
1606 767 1688 806 exi-

255 832 313 863 ret
334 836 501 875 suaque,
533 836 632 874 quae
653 823 855 870 attulerat,
884 823 1018 862 liceret
1039 823 1198 871 efferre,
1217 819 1342 863 ‘Istud
1364 821 1531 875 quidem'
1560 824 1688 876 inquit

251 877 427 928 ‘faciam,
458 893 587 931 neque
608 886 674 919 tua
695 892 830 928 causa,
862 880 930 919 sed
959 892 1064 927 mea,
1087 892 1156 927 ne,
1188 880 1220 919 si
1248 880 1318 919 tibi
1346 880 1395 919 sit
1421 881 1589 932 pecunia
1619 881 1687 920 ad-

256 945 407 989 empta,
437 937 576 988 aliquis
607 937 710 976 dicat
731 937 768 976 id
790 937 837 976 ad
857 949 920 976 me
936 942 1115 988 ereptum
1131 936 1368 988 pervenisse,
1391 937 1496 987 quod
1517 938 1686 977 delatum

205 1000 225 1031 5
255 995 432 1046 accipere
454 991 694 1034 noluissem'.
736 994 766 1032 A
789 1006 867 1045 quo
890 1006 979 1033 cum
999 993 1225 1045 quaesisset,
1248 1005 1326 1045 quo
1343 1005 1385 1033 se
1401 993 1539 1032 deduci
1560 994 1685 1041 vellet,

256 1058 294 1090 et
314 1052 377 1090 ille
400 1051 572 1090 Athenas
594 1051 764 1097 dixisset,
786 1051 1023 1102 praesidium
1046 1050 1163 1098 dedit,
1182 1057 1225 1089 ut
1244 1056 1329 1089 tuto
1351 1050 1586 1101 perveniret.
1608 1050 1686 1089 Ne-

256 1121 332 1159 que
352 1120 444 1147 vero
466 1108 501 1146 id
526 1107 618 1147 satis
635 1107 782 1155 habuit,
803 1107 871 1147 sed
887 1107 1015 1155 etiam,
1036 1113 1081 1146 ut
1101 1107 1309 1146 inviolatus
1330 1106 1370 1146 in
1389 1119 1526 1146 navem
1548 1119 1686 1146 escen-

256 1166 375 1213 deret,
398 1177 469 1216 per
486 1164 690 1203 Chabriam
712 1164 1005 1212 Atheniensem,
1028 1164 1075 1203 de
1097 1176 1174 1214 quo
1194 1176 1313 1215 supra
1328 1163 1570 1203 mentionem
1591 1164 1686 1203 feci-

205 1227 225 1260 6
254 1234 360 1270 mus,
391 1221 533 1260 effecit.
574 1221 844 1260 Abstinentiae
873 1221 946 1260 erit
967 1222 1042 1260 hoc
1071 1221 1163 1260 satis
1191 1220 1472 1260 testimonium.
1513 1220 1684 1260 Plurima

256 1278 410 1329 quidem
432 1279 610 1329 proferre
631 1290 861 1329 possumus,
893 1279 960 1317 sed
980 1278 1121 1317 modus
1139 1277 1383 1317 adhibendus
1405 1283 1475 1325 est,
1499 1277 1684 1328 quoniam

256 1348 335 1374 uno
358 1335 433 1374 hoc
454 1334 652 1374 volumine
673 1335 791 1373 vitam
813 1335 1088 1374 excellentium
1116 1334 1289 1374 virorum
1306 1334 1568 1385 complurium
1589 1346 1686 1373 con-

259 1457 389 1490 kommt
415 1457 694 1490 wahrscheinlich
727 1457 799 1490 hier
826 1461 938 1490 zuerst

260 1513 337 1540 vor,
369 1502 457 1535 ‹lann
481 1503 551 1535 Liv.
576 1502 612 1536 ΙΙ.
638 1505 699 1543 43,
726 1506 743 1535 3
769 1514 801 1535 u.
828 1513 853 1535 5.
880 1504 936 1543 w.]

1006 1458 1190 1497 hortatur,
1225 1459 1267 1488 ut
1293 1459 1369 1488 sine
1393 1459 1467 1488 eius
1491 1457 1686 1497 offensione

1006 1504 1120 1534 animi
1135 1502 1190 1534 vel
1206 1504 1278 1544 ipse
1296 1502 1338 1534 de
1355 1512 1395 1533 eo
1413 1512 1521 1534 cansa
1540 1503 1684 1543 cognita

306 1550 336 1581 3.
363 1547 476 1588 [l'aez'S.
524 1547 600 1580 Wie
639 1547 692 1580 die
725 1548 940 1580 Znsammen-

260 1593 408 1635 stellung
431 1593 484 1626 bei
510 1592 635 1635 Drager
656 1593 693 1627 H.
713 1593 745 1626 S.
763 1593 802 1627 12.
822 1595 937 1627 286—

260 1640 324 1673 288
350 1639 512 1674 beweist,
544 1638 619 1671 sind
653 1638 706 1671 die
731 1638 823 1671 Falle
848 1638 940 1671 nieht

259 1684 346 1717 allzu
360 1684 481 1724 5611611,
496 1684 528 1716 111
539 1683 646 1716 denen
661 1684 940 1726 Abweiehungen

260 1740 326 1762 von
353 1729 427 1762 dem
450 1729 743 1771 strenglogisehen
763 1729 939 1762 Gebrauch

260 1774 318 1808 der
337 1775 458 1807 Futura
478 1774 710 1808 vorkommen.
751 1774 851 1807 Nicht
877 1785 940 1807 nur

259 1820 312 1853 die
337 1819 652 1862 Ilmgangssprache
681 1820 739 1852 der
768 1819 938 1862 Comodie,

259 1875 359 1908 sogar
377 1865 492 1898 Cicero
517 1865 628 1898 liesert
653 1865 737 1898 dazu
755 1864 936 1908 Beispiele,

259 1910 326 1943 und
351 1910 444 1943 nicht
469 1910 562 1943 bloss
587 1911 620 1943 in
646 1910 710 1944 den
735 1910 896 1951 Briesen.]

303 1957 546 1997 magistratui.
594 1955 627 1989 S.
653 1967 694 1989 zu
718 1955 835 1989 Them.
855 1958 885 1997 7,
902 1959 934 1990 4.

303 2004 334 2035 4.
360 2004 486 2033 exit-et.
511 2000 836 2034 Nachlateinischer
850 2001 936 2034 Aus-

259 2046 490 2080 drucksweise
523 2046 614 2079 kann
639 2057 715 2079 man
748 2046 933 2080 Jemanden

259 2092 387 2130 bitten,
412 2091 490 2125 dass
514 2102 591 2124 man
616 2095 724 2125 etwas
749 2092 829 2125 thue
855 2092 936 2125 oder

258 2137 337 2170 dass
372 2141 481 2170 etwas
517 2137 704 2179 geschehe‚
744 2147 845 2170 wenn
881 2137 934 2170 die

257 2181 495 2225 Moglichkeit,
532 2182 610 2215 dass
642 2193 720 2227 man
752 2182 824 2215 dies
859 2182 934 2215 thut

258 2228 338 2261 oder
363 2227 441 2260 dass
465 2227 537 2260 dies
562 2227 757 2270 geschieht,
786 2226 841 2260 1161
866 2227 935 2260 111111

257 2273 356 2306 steht.
406 2272 478 2305 Wir
502 2277 617 2306 setzen
639 2273 673 2305 in
698 2272 825 2306 diesem
842 2272 935 2306 Falle

255 2317 348 2352 ‘dass
365 2328 440 2351 man
460 2321 568 2351 etwas
586 2318 669 2351 thun
687 2314 823 2359 konne⁷,
844 2314 934 2351 ‘dass

259 2374 293 2396 er
318 2369 426 2397 etwas
450 2363 621 2405 geschehn
654 2360 773 2405 lasse’,
807 2363 873 2396 wie
898 2373 935 2396 es

259 2409 343 2442 auch
368 2409 516 2442 nachher
534 2409 640 2442 heisst
659 2409 779 2441 liceret
795 2409 933 2450 efferre.

257 2453 390 2488 Ebenso
416 2453 537 2487 Timol.
564 2457 595 2495 5,
621 2456 651 2488 3.
700 2453 767 2488 Cic.
786 2465 817 2497 p.
844 2453 931 2487 Sest.

258 2500 312 2535 32,
337 2501 378 2532 69
405 2501 442 2531 ἰη
475 2502 603 2531 senatu
628 2501 788 2542 privati,
819 2503 861 2532 ut
891 2499 933 2531 de

259 2554 311 2575 me
323 2547 516 2577 sententias
528 2545 697 2586 dicerent,
708 2545 933 2587 flagitabant.

258 2588 330 2622 Cas.
348 2589 389 2621 de
406 2589 437 2622 1).
457 2590 534 2632 gall.
558 2590 579 2623 l.
605 2591 652 2631 19,
672 2592 690 2623 5
715 2592 806 2632 petit
829 2592 934 2632 atque

1005 1551 1143 1580 statuat
1165 1548 1221 1579 vel
1244 1549 1422 1579 civitatem
1451 1550 1608 1579 statuere
1631 1548 1686 1578 iu-

1008 1595 1096 1625 beat.
1145 1592 1212 1626 VH.
1238 1594 1268 1633 8,
1294 1595 1315 1626 4
1342 1594 1534 1634 obsecrant,
1557 1595 1600 1624 ut
1612 1595 1686 1624 suls

1007 1637 1168 1677 fortunis
1184 1638 1346 1670 consulat
1362 1649 1448 1670 neve
1469 1639 1511 1670 ab
1529 1638 1686 1670 hostibus

1010 1684 1240 1726 diripiantur.
1289 1683 1372 1716 Hirt.
1404 1684 1437 1716 b.
1461 1683 1558 1716 Alex.
1584 1684 1638 1724 58,
1663 1685 1684 1716 4

1007 1740 1043 1761 se
1084 1732 1210 1761 contra
1248 1728 1405 1762 Cassium
1439 1730 1569 1761 sentire
1605 1738 1684 1761 cnm

1010 1775 1180 1815 omnibus,
1205 1777 1330 1806 eontra
1357 1774 1539 1807 Caesarem
1561 1784 1606 1806 ne
1628 1772 1685 1812 fa-

1008 1823 1126 1852 cerent
1150 1816 1320 1858 t‘handeln
1347 1815 1543 1861 mussten'),
1569 1829 1684 1852 orare.

1052 1875 1174 1907 neque.
1200 1864 1233 1898 S.
1251 1875 1292 1898 zu
1310 1864 1426 1898 Them.
1449 1866 1500 1906 10,
1517 1866 1548 1898 4.
1573 1863 1683 1897 Ueber

1006 1921 1050 1943 ne
1075 1929 1120 1934 —
1143 1910 1273 1953 aliquis
1297 1921 1338 1943 zu
1362 1910 1446 1943 Dion
1472 1912 1504 1951 4,
1532 1912 1559 1943 l.

1051 1958 1081 1990 5.
1107 1959 1148 1988 ut
1170 1959 1244 1988 tuto
1258 1957 1460 1998 perveniret
1476 1954 1540 1987 wie
1557 1953 1679 1988 Timol.

1006 2002 1036 2042 2,
1062 2002 1091 2035 2.
1140 2000 1251 2033 Ueber
1272 2002 1311 2032 in
1341 2010 1465 2032 navem
1499 2000 1683 2032 escendere

1004 2056 1030 2080 s.
1057 2056 1096 2079 zu
1122 2045 1239 2078 Them.
1265 2047 1296 2084 8,
1322 2048 1352 2079 6.

1050 2090 1221 2132 [fecimus,
1234 2091 1350 2131 effecit
1362 2090 1407 2123 ist
1420 2090 1473 2123 ein
1482 2089 1682 2133 Missklang;

1003 2136 1097 2169 mehr
1113 2135 1281 2180 Beispiele
1305 2146 1347 2169 zu
1364 2135 1449 2168 Dion
1473 2137 1505 2177 2,
1529 2135 1575 2178 4.]

1049 2183 1079 2215 6.
1111 2182 1176 2214 hoe
1208 2183 1445 2214 testimonium
1479 2180 1681 2223 «6611611211-

1004 2236 1173 2269 sammen,
1210 2227 1277 2260 und
1311 2228 1399 2259 satis
1433 2226 1478 2259 ist
1513 2225 1679 2259 Pradicat.

1004 2272 1087 2305 Eine
1112 2276 1220 2306 etwas
1244 2271 1492 2305 verschrobene
1511 2270 1679 2313 SteHung,

1003 2317 1134 2350 welche
1166 2327 1202 2351 es
1235 2317 1322 2350 nahe
1354 2317 1425 2359 legt
1455 2316 1517 2349 mit
1540 2316 1679 2349 Lambin

1004 2365 1197 2395 testimonii
1220 2374 1260 2396 zu
1285 2362 1495 2395 vermuthen.

1047 2410 1158 2441 vitam
1190 2408 1275 2441 sasst
1307 2408 1367 2441 das
1391 2406 1503 2440 Leben
1533 2406 1591 2439 der
1615 2406 1679 2441 Β6-

1003 2453 1189 2487 treffenden
1213 2454 1247 2486 in
1272 2453 1347 2486 eine
1364 2452 1607 2485 Gesammtheit
1622 2463 1678 2485 zu-

1002 2509 1168 2538 sammen;
1204 2499 1397 2540 separatim
1426 2497 1554 2540 zerlegt
1584 2497 1678 2531 diese

1002 2544 1036 2577 in
1061 2545 1132 2577 ihre
1156 2543 1285 2584 Theile,
1311 2543 1370 2576 das
1387 2542 1499 2575 Leben
1524 2542 1582 2576 der
1601 2542 1679 2576 Ein—

1002 2589 1131 2624 zelnen.
1173 2589 1217 2622 Es
1235 2591 1362 2632 genfigt
1379 2587 1451 2621 also
1468 2598 1509 2621 zu
1527 2598 1678 2630 quorum
