1780 2877
611 152 723 188 xvlu.
749 152 964 186 EUMENES.
996 155 1043 186 11.
1461 151 1534 191 161

106 267 136 306 si
165 278 235 318 per
264 280 356 306 suos
388 273 489 306 esset
521 267 692 313 licitum,
726 268 830 318 quod
862 267 908 305 ab
932 267 1040 306 nullo
1063 279 1103 305 se
1127 266 1214 317 plus
1235 266 1404 305 adiuvari
1427 281 1541 318 posse

105 323 355 374 intellegebat
378 323 417 361 in
440 323 486 362 iis
507 324 638 372 rebus,
663 336 758 374 quas
779 323 1007 374 impendere
1021 323 1096 361 iam
1115 322 1327 373 apparebat
1345 323 1541 363 omnihus.

103 379 366 418 Imminebant
388 380 492 419 enim
511 380 711 426 Seleucus,
734 379 999 430 Lysimachus,
1022 378 1279 426 Ptolemaeus,
1303 379 1444 429 opibus
1467 380 1540 418 iam

102 436 293 481 valentes,
317 449 406 475 cum
429 437 572 487 quibus
593 436 627 474 ei
649 437 696 474 de
717 436 880 474 summis
901 435 1020 474 rebus
1042 440 1124 473 erat
1145 435 1422 474 dimicandum.
1465 436 1539 475 Sed
1570 445 1587 476 4
1623 475 1626 478 .

103 505 182 531 non
207 493 309 544 passi
331 499 423 533 sunt
445 493 482 539 ii,
506 492 571 543 qui
593 492 697 531 circa
719 498 843 539 erant,
867 492 971 542 quod
987 491 1169 530 videbant
1186 492 1364 531 Eumene
1381 498 1541 543 recepto

102 549 229 587 omnis
259 562 352 600 prae
374 550 438 588 illo
460 549 568 600 parvi
603 549 770 587 futuros.
813 548 900 599 Ipse
923 554 1052 587 autem
1075 548 1299 600 Antigonus
1331 549 1426 587 adeo
1461 556 1542 588 erat

101 605 300 653 incensus,
325 612 363 645 ut
388 605 461 644 nisi
484 617 624 656 magna
647 618 715 656 spe
737 605 994 644 maximarum
1015 617 1147 644 rerum
1165 605 1277 644 leniri
1296 618 1375 644 non
1395 612 1540 656 posset.

100 661 233 712 Itaque
264 675 353 701 cum
384 662 533 700 eumin
566 661 782 701 custodiam
813 662 982 701 dedisset
1011 668 1049 700 et
1078 662 1301 713 praefectus
1331 663 1537 701 custodum
1568 666 1611 700 11

101 718 334 768 quaesisset,
367 719 696 769 quemadmodum
719 718 862 758 servari
886 719 1016 764 vellet,
1045 715 1114 756 ‘Ut
1144 713 1388 758 acerrimum'
1415 719 1543 770 inquit

94 770 267 813 ‘leonem
289 781 353 814 aut
376 775 664 814 ferocissimum
686 771 964 826 elephantum.J
1007 775 1191 814 Nondum
1214 775 1319 814 enim
1340 781 1540 821 statuerat,

99 838 348 870 conservaret
369 844 458 871 eum
482 844 620 871 necne.
664 832 852 871 Veniebat
872 838 1002 871 autem
1024 833 1069 870 ad
1088 831 1305 871 Eumenem
1328 838 1540 883 utrumque

97 900 223 938 genus
241 888 459 936 hominum,
482 895 520 927 et
537 889 603 939 qui
620 895 785 940 propter
802 889 935 928 odium
949 890 1122 928 fructum
1142 889 1265 927 oculis
1283 901 1328 927 ex
1346 889 1430 928 eius
1448 902 1540 928 casu

99 957 239 995 capere
261 945 422 990 vellent,
446 951 482 984 et
505 946 570 996 qui
594 951 758 997 propter
780 952 947 984 veterem
971 945 1180 984 amicitiam
1204 945 1375 996 colloqui
1397 958 1541 984 conso-

97 1001 245 1051 larique
268 1008 481 1052 cuperent;
511 1002 623 1040 multi
642 1002 778 1047 etiam,
811 1003 878 1052 qui
899 1003 983 1041 eius
1003 1004 1169 1041 formam
1193 1014 1434 1052 cognoscere
1457 1008 1541 1041 stu-

96 1057 253 1105 debant,
277 1058 401 1108 qualis
418 1064 531 1105 esset,
550 1071 667 1109 quem
685 1065 763 1097 tam
782 1058 848 1097 diu
866 1064 1022 1109 tamque
1046 1059 1151 1097 valde
1169 1058 1404 1105 timuissent,
1428 1058 1539 1097 cuius

96 1114 135 1152 in
158 1114 332 1165 pernicie
354 1114 520 1165 positam
543 1128 653 1166 spem
676 1115 904 1154 habuissent
925 1115 1122 1154 victoriae.
1164 1116 1213 1153 At
1234 1114 1433 1154 Eumenes
1447 1128 1537 1154 cum
1568 1123 1586 1151 3

96 1170 241 1209 diutius
255 1171 295 1209 in
313 1171 451 1210 vinclis
469 1177 584 1219 esset,
601 1171 653 1210 ait
665 1171 930 1219 Onomarcho,
948 1184 1072 1223 penes
1089 1184 1207 1222 quem
1219 1183 1370 1210 summa
1386 1171 1541 1222 imperii

97 1233 179 1265 erat
201 1227 400 1267 custodiae
414 1259 423 1275 ,
447 1240 487 1267 se
510 1228 661 1275 mirari,
693 1241 812 1279 quare
834 1229 910 1267 iam
933 1228 1089 1267 tertium
1114 1228 1216 1266 diem
1238 1228 1292 1267 sic
1317 1234 1540 1267 teneretur:

97 1296 177 1322 nou
201 1283 306 1322 enim
329 1285 402 1322 hoc
430 1284 641 1323 convenire
667 1285 854 1336 Antigoni
877 1285 1122 1336 prudentiae,
1154 1291 1197 1323 ut
1226 1284 1280 1323 sic
1313 1285 1541 1323 (leuteretur

1572 839 1589 869 'Q

141 1408 171 1439 3.
197 1404 308 1438 Ueber
331 1416 413 1438 suos
438 1417 464 1439 s.
492 1416 533 1438 zu
558 1405 643 1438 Milt.
673 1410 699 1441 1.
732 1410 756 1440 l.
851 1418 890 1440 zu
917 1407 986 1439 ihm
1011 1407 1101 1440 liess.

138 1450 222 1484 Dass
240 1451 442 1493 Antigonus,
468 1461 568 1483 wenn
587 1462 623 1483 es
648 1452 708 1484 auf
723 1453 779 1485 ilm

94 1495 192 1529 allein
212 1495 459 1538 angekommen
477 1497 578 1537 ware,
603 1496 667 1529 den
684 1497 779 1530 Eum.

93 1541 275 1574 verschont
309 1542 420 1581 batte,
454 1541 586 1574 scheint
616 1543 709 1575 nicht
741 1554 778 1576 so

96 1587 215 1628 sicher,
241 1587 306 1619 wie
324 1587 438 1630 Nepos
464 1587 664 1630 behauptet:
691 1588 778 1621 deun

94 1642 128 1664 er
148 1636 254 1665 traute
276 1632 343 1664 ihm
369 1632 461 1665 nicht
479 1632 587 1673 (Diod.
606 1633 692 1667 xlx.
710 1636 778 1673 44).

138 1680 170 1710 4.
196 1677 265 1709 Nur
290 1677 348 1710 der
373 1677 491 1710 Kreter
513 1677 685 1711 Nearchus
711 1679 779 1712 und

93 1722 151 1755 der
177 1722 269 1755 Sohn
296 1722 355 1755 des
372 1723 499 1765 Antig„
524 1722 712 1757 Demetrius
738 1726 777 1764 (s.

93 1768 134 1801 (le
152 1778 219 1810 reg.
237 1771 267 1809 3,
289 1771 328 1809 l),
355 1768 495 1801 suchteu
521 1768 577 1800 iliu
604 1779 645 1802 zu
670 1774 778 1802 retten

92 1813 195 1853 (Plut.
209 1813 304 1846 Eum.
324 1815 386 1854 18).
412 1813 496 1846 Dass
514 1824 590 1846 man
605 1813 669 1846 deu
682 1814 777 1847 Eum.

92 1869 132 1891 zu
147 1858 332 1891 verderben
348 1859 478 1900 siu-lite,
494 1858 571 1891 weil
586 1869 662 1892 man
673 1859 778 1892 durch

93 1904 148 1936 ihu
166 1903 367 1937 verduukelt
387 1915 427 1937 zu
448 1903 584 1937 werden
600 1905 778 1940 surchtete.

93 1949 149 1982 hat
164 1949 278 1992 Nepos
292 1949 392 1982 allein
412 1949 692 1991 heri-orgelloben
710 1951 777 1983 und

92 1995 135 2026 ist
167 1994 220 2027 fiir
251 1994 304 2027 die
336 1994 631 2036 Hebergestellteu
668 1995 778 2028 sicher

91 2040 228 2082 richtig;
259 2040 312 2072 die
338 2039 459 2082 Menge
486 2040 600 2073 has-ste
626 2041 684 2073 ihn
709 2051 778 2073 we-

92 2095 154 2127 gen
182 2085 242 2118 des
259 2084 400 2124 Uebeln,
427 2096 498 2118 was
523 2086 571 2118 sie
598 2086 701 2119 durch
719 2087 775 2119 ihu

93 2131 244 2172 gelitten.

122 2178 175 2227 ii,
185 2178 261 2227 qui
286 2178 380 2208 circa
406 2179 519 2215 e1·,t1nt
550 2175 585 2208 οἱ
608 2180 691 2209 πεοὶ
718 2175 777 2210 αὖ·

91 2217 527 2262 162,sei11‹Umgeb11n..'.
564 2210 774 2257 Lix.l.41.1

96 2265 166 2298 Ta}
168 2267 329 2308 quinium
346 2245 594 2298 moribundum
609 2278 697 2309 enm,
717 2280 776 2310 ‘Ill‘

92 2314 187 2344 circa
204 2315 317 2353 erant,
340 2312 569 2353 acepissent,
595 2313 662 2345 und
680 2314 777 2346 oster.

135 2368 191 2402 11.
221 2370 248 2400 1.
273 2370 420 2400 set-vari.
463 2367 496 2399 S.
523 2377 564 2400 zu
588 2367 674 2401 Mili.
698 2371 728 2410 2,
747 2372 766 2403 4

137 2415 166 2446 ⁶2.
202 2413 375 2445 Veniebat
409 2424 438 2445 u.
465 2424 489 2445 s.
518 2422 559 2445 w.
611 2412 675 2447 Das
708 2415 778 2447 hier

92 2458 281 2491 Bericbtete
307 2459 364 2491 bat
390 2457 504 2500 Nepos
531 2458 642 2491 allein.
691 2459 777 2493 Plut.

93 2504 184 2537 Eum.
204 2505 242 2537 lS
261 2507 347 2546 sagt,
365 2503 443 2536 dass
457 2503 569 2545 Antig.
589 2503 665 2536 dem
683 2504 777 2539 Eum.

94 2549 169 2582 bald
183 2549 235 2582 die
251 2549 427 2581 schweren
438 2548 574 2581 Fesseln
590 2550 779 2583 abnehmen

92 2594 159 2627 und
185 2593 382 2636 Bedienung
415 2593 483 2626 und
509 2594 602 2627 seine
629 2595 778 2628 Freund(¹

159 2654 313 2681 Cornelius
333 2653 428 2688 Nepos
449 2653 510 2688 (Gr.
530 2655 576 2688 Α.)
597 2657 624 2682 ’2.
644 2657 716 2682 Aun.

898 1455 1088 1494 utrumque
1117 1463 1231 1493 genus
1256 1454 1439 1484 hominum
1473 1453 1537 1485 wie

850 1497 1025 1529 eiusmodi
1043 1507 1180 1539 genera
1206 1499 1344 1529 obsonii
1368 1498 1431 1540 Ag.
1458 1500 1489 1539 8,
1506 1500 1537 1531 4.

895 1542 1006 1575 oeulis
1031 1542 1075 1575 ist
1101 1542 1160 1575 der
1184 1542 1293 1575 Dativ.

897 1588 1025 1620 vellent
1036 1607 1080 1611 ——
1095 1591 1264 1630 cuperent
1278 1607 1323 1612 —
1338 1589 1536 1621 studebant.

850 1633 908 1666 Die
934 1633 1190 1674 Abwecbslung
1223 1633 1282 1666 des
1317 1632 1438 1667 Modus
1473 1634 1537 1666 wie

852 1679 926 1722 Lys.
959 1682 992 1718 l,
1020 1682 1049 1713 5.
1100 1678 1161 1710 Ein
1195 1678 1368 1711 iihnlicher
1401 1677 1538 1712 Modus-

851 1724 999 1757 wechsel
1035 1724 1089 1757 bei
1124 1724 1210 1756 zwei
1246 1724 1406 1756 einander
1431 1724 1539 1766 paral-

850 1769 938 1802 lelen
962 1769 1113 1802 Relatixs
1117 1770 1214 1802 iitzen
1241 1768 1347 1802 findet
1371 1772 1454 1802 statt
1471 1769 1538 1802 Cic.

850 1816 973 1855 01:31,
993 1816 1052 1848 109
1080 1814 1120 1846 de
1138 1825 1186 1848 οι.
1204 1814 1309 1852 11.ἳὸ
1330 1816 1400 1847 121.
1432 1813 1539 1847 Weis-

850 1860 994 1892 senborn
1020 1860 1130 1901 briugt
1157 1870 1197 1892 zu
1215 1859 1285 1892 Liv.
1304 1859 1407 1892 XXX.
1425 1862 1480 1900 44,
1498 1862 1537 1893 10

849 1905 936 1941 eini5,
929 1915 959 1937 e
984 1904 1113 1937 Stellen
1139 1914 1199 1937 aus
1225 1905 1294 1936 Liv.
1313 1904 1379 1938 Cic
1400 1904 1536 1942 Quintil

849 1950 922 1987 bei,
956 1950 988 1981 in
1025 1950 1179 1982 xxelcben
1214 1949 1341 1982 ebe-nso
1375 1949 1538 1982 Indicatix

849 1995 916 2028 und
935 1995 1137 2036 Conjunctiv
1164 1995 1248 2027 nach
1276 2005 1353 2026 eum
1380 1995 1538 2028 abwech-

849 2041 933 2074 selu.
975 2039 1048 2073 Val.
1067 2040 1154 2073 Max.
1175 2040 1229 2072 bat
1256 2039 1304 2072 111.
1325 2041 1357 2081 2,
1373 2041 1391 2073 3
1418 2051 1538 2082 qnam-

848 2097 954 2128 ‹Juam
981 2112 988 2119 .
1005 2112 1012 2118 .
1029 2111 1036 2118 .
1062 2086 1220 2118 erederet
1246 2087 1425 2127 tutiusque
1450 2090 1537 2118 erat.

850 2131 925 2165 Von
952 2131 1016 2164 den
1042 2131 1199 2163 Dichtern
1233 2131 1401 2173 beginnen
1428 2130 1536 2163 Plaut.

850 2177 917 2210 und
936 2176 1009 2210 Ter.
1032 2177 1124 2209 diese
1142 2175 1479 2218 alodum-erloeinduug
1504 2176 1536 2208 iu

850 2222 1035 2255 indirecten
1050 2222 1287 2264 Fragesiitzen,
1303 2231 1357 2253 wo
1373 2220 1538 2253 bekannt—

850 2268 915 2300 lich
957 2268 1015 2300 der
1052 2267 1214 2300 Indicativ
1258 2266 1334 2299 dem
1374 2266 1536 2298 Altlatein

849 2313 1113 2355 eigenthiimlich
1133 2313 1186 2345 ist.
1229 2312 1265 2346 S.
1294 2312 1412 2344 Holtze
1439 2310 1536 2354 Syut.

850 2359 947 2401 prisc.
975 2369 1037 2391 scr.
1063 2358 1157 2390 latin.
1182 2358 1217 2391 11.
1250 2359 1320 2391 116.

895 2417 924 2448 3.
962 2416 1104 2447 tertium
1129 2415 1232 2446 diem.
1280 2413 1379 2445 Dii-se
1405 2413 1536 2445 Zeitha·-

850 2460 1034 2503 stimmung
1059 2460 1131 2501 gibt
1156 2459 1271 2502 Nepos
1297 2458 1408 2492 allein.

895 2507 971 2537 hoc.
1003 2506 1037 2537 ln
1054 2504 1232 2537 indirecter
1248 2503 1338 2536 Rede
1352 2504 1537 2546 gebraucbt

850 2551 966 2593 Nepos
991 2549 1172 2583 mehrmals
1199 2551 1266 2590 hic,
1292 2559 1319 2583 z.
1339 2548 1375 2582 B.
1395 2548 1465 2582 Alc.
1487 2551 1535 2582 11.

850 2599 880 2630 4.
900 2599 929 2630 5.
982 2595 1056 2638 Vgl.
1082 2606 1122 2627 zu
1148 2594 1270 2627 Timol.
1295 2597 1326 2633 5,
1345 2596 1376 2628 3.
1408 2613 1437 2618 —
1471 2596 1537 2627 hoe

1290 2653 1325 2683 11
