1780 2877
703 117 873 152 EXCURS
898 117 934 151 ll.
1455 109 1536 150 239

100 236 196 280 plura
230 235 305 268 aliis
334 233 491 276 exempla
517 232 656 274 collegit
680 231 863 264 Lambinus
888 230 930 263 ad
955 229 1068 263 Plauti
1092 229 1186 262 Asin.
1212 229 1265 262 IV.
1297 232 1323 270 1,
1352 230 1402 261 12.
1452 226 1539 259 Sunt

100 284 211 315 autem
237 280 399 323 pleraque
426 278 650 312 comicorum:
676 276 788 310 Plauti
806 276 900 309 Asin.
919 275 972 308 1V.
994 278 1023 316 1,
1046 276 1083 307 12
1104 274 1207 314 Quod
1221 275 1285 306 illa
1303 277 1365 306 aut
1386 274 1538 305 amicum

98 337 201 360 suum
219 329 281 358 aut
292 328 491 367 patronum
508 325 667 356 nominet
682 323 757 355 Aut
773 322 869 363 quod
884 321 947 353 illa
965 322 1102 352 amicae
1117 330 1203 352 suae
1221 322 1415 352 amatorem
1436 328 1539 359 prac-

99 373 201 413 dicet,
224 371 340 404 Fores
365 370 527 402 occlusae
552 370 713 401 omnibus
736 369 828 399 sient
851 368 922 398 nisi
946 368 1021 397 tibi.
1075 368 1113 398 16
1139 365 1213 397 Aut
1238 364 1335 406 quod
1356 363 1418 395 illa
1445 362 1541 394 dicat

96 427 251 462 peregre
276 416 421 448 allatam
448 414 641 457 epistolam,
666 412 718 444 ss'e
744 411 891 454 epistola
917 412 1056 453 quidem
1084 410 1156 442 ulla
1181 413 1280 442 sitin
1299 409 1456 442 aedibus.
1496 408 1535 439 51

100 463 204 506 Quod
218 462 282 494 illa
301 465 418 494 autem
438 460 590 501 simulet,
615 460 719 500 quasi
731 457 891 499 gravedo
913 457 1085 499 profluat,
1110 457 1184 488 Hoc
1208 467 1252 488 ne
1275 457 1326 488 sic
1348 453 1475 493 faciat,
1501 454 1539 483 tu

100 508 264 542 labellum
288 508 490 549 abstergeas
513 506 644 545 Potius,
670 513 775 545 quam
803 504 969 544 cuiquam
992 504 1130 534 savium
1153 502 1269 541 faciat
1290 499 1420 543 palam.
1462 497 1538 530 Aul.

98 554 122 588 l.
142 556 174 596 2,
195 556 233 586 13
262 553 364 594 Quod
388 552 562 594 quispiam
588 551 707 590 ignem
733 551 893 590 quaerat,
920 550 1087 589 cartingui
1112 548 1202 580 volo.
1244 548 1316 580 Cas.
1335 545 1357 578 l.
1377 546 1418 579 39
1446 541 1541 585 quod

100 604 132 633 te
155 598 311 642 postules
337 597 488 630 Gustare
513 597 714 637 quicquam,
738 604 933 635 numquam
960 594 1083 635 edepol
1108 595 1281 625 ieiunium
1302 592 1466 624 Ieiunum
1492 590 1542 618 est

100 656 221 688 aeque,
246 647 352 685 atque
377 652 440 683 ego
465 642 548 673 ruri
570 640 717 672 reddibo
745 642 788 671 te.
829 639 899 672 Mil.
922 638 957 672 ll.
977 640 1008 681 2,
1028 641 1044 672 ἶ
1066 639 1169 680 Quod
1192 639 1252 670 ille
1273 637 1451 681 gallinam
1477 635 1541 665 aut

100 691 297 723 columbam
321 700 357 719 se
380 688 512 719 sectari
531 688 595 718 aut
610 687 750 717 simz'am
768 685 887 725 Dicat,
912 685 1119 727 disperistis,
1144 687 1184 717 ni
1200 696 1310 727 usque
1327 682 1376 716 ad
1392 682 1540 713 mortem

98 736 191 769 male
214 734 436 766 mulcassitis.
478 731 553 764 Ter.
571 731 657 764 Eun.
676 730 729 764 lv,
750 733 780 765 7.
804 733 841 764 15
862 730 956 763 Sane
974 731 1070 772 quod
1087 732 1152 762 tibi
1174 742 1270 763 nunc
1294 732 1352 762 vir
1376 727 1542 759 videatur

100 792 172 814 esse
196 782 270 821 liic,
303 778 432 811 nebulo
457 787 610 819 magnus
635 779 694 808 est.
743 776 783 809 V.
811 778 842 817 8,
869 778 911 810 34
938 776 978 808 Si
1003 779 1035 808 te
1060 778 1096 808 in
1118 776 1242 819 platea
1269 774 1449 816 offendero
1476 773 1542 803 lzac

93 829 177 870 post
190 835 371 867 umquam,
398 823 493 865 quod
509 823 608 855 dicas
623 824 713 854 milii
728 817 861 854 ‘Alium
880 823 1102 864 quaerebam,
1129 824 1195 854 iter
1216 823 1283 854 lzac
1301 814 1439 859 liabui',
1460 828 1543 859 per-

97 873 182 905 iisti.
232 869 299 903 Sed
325 869 408 902 dixit
435 868 554 901 eodem
579 867 681 901 modo
701 867 817 901 Cicero
835 866 929 901 Yerr.
947 866 986 900 V.
1007 869 1060 909 68,
1082 870 1144 900 1Τό
1166 868 1268 909 Quod
1291 869 1383 899 enim
1410 868 1441 896 te
1458 863 1542 894 libe-

97 920 218 950 ratum
244 918 315 947 iam
342 915 619 947 eaeistimationis
644 916 748 954 metu,
775 912 983 951 defunctum
1004 914 1199 945 bonoribus
1217 913 1442 955 designatum
1461 919 1543 941 con-

97 963 209 995 sulem
234 961 296 1002 (sic
322 960 410 993 enim
437 958 728 1001 distinguendum)
753 960 899 1000 cogites,
923 960 1012 990 milii
1037 959 1149 1000 crede,
1180 961 1389 991 ornamenta
1417 958 1484 988 ista
1511 957 1543 985 et

99 1008 269 1048 beneficia
290 1006 419 1049 populi
440 1004 593 1037 Romani
616 1015 689 1036 non
713 1006 852 1036 minore
876 1006 1019 1045 negotio
1045 1006 1247 1037 retinentur
1272 1015 1377 1046 quam
1404 1010 1542 1042 eompa—

98 1056 251 1092 rantur,·
276 1052 310 1084 in
328 1051 394 1083 Pis.
414 1052 467 1092 27,
487 1052 529 1084 66
546 1049 638 1082 Nam
659 1050 756 1092 quod
772 1051 868 1081 vobis
886 1052 949 1081 iste
976 1051 1217 1082 tantummodo
1245 1051 1436 1092 improbuS,
1462 1056 1542 1078 cru-

98 1099 206 1140 delis,
232 1097 314 1130 olim
339 1096 575 1137 furunculus,
600 1106 698 1127 nunc
722 1106 804 1127 vero
832 1097 937 1127 etiam
963 1106 1100 1137 rapaae,
1127 1096 1223 1137 quod
1244 1095 1422 1135 sordidus,
1448 1090 1544 1134 quod

99 1147 316 1184 contumax,
342 1142 438 1184 quod
460 1142 641 1184 superbus,
668 1141 764 1183 quod
786 1140 917 1183 fallam,
943 1141 1039 1183 quod
1059 1141 1285 1183 perfidiosus,
1311 1141 1407 1183 quod
1430 1141 1542 1179 Impu-

99 1190 202 1230 dens,
237 1188 333 1231 quod
357 1187 482 1219 audaoe
507 1198 577 1219 esse
609 1187 792 1228 videatur,
824 1187 917 1219 niliil
939 1189 1064 1219 scitote
1090 1198 1160 1219 esse
1186 1187 1425 1227 luoeuriosius,
1450 1182 1544 1216 nillil

99 1235 336 1275 libidinosius,
360 1233 454 1265 nihil
474 1235 688 1275 protervius,
714 1233 807 1264 nihil
822 1234 982 1274 nequius.
1024 1231 1212 1275 Supersunt
1231 1233 1296 1266 loci
1316 1232 1457 1275 aliquot,
1484 1227 1540 1272 qui

99 1279 249 1323 corrupti
273 1279 308 1311 in
334 1278 472 1321 optimis
498 1277 672 1311 codicibus
698 1277 766 1320 legi
792 1277 960 1312 videntur.
1002 1277 1097 1311 Ovid.
1120 1288 1173 1320 ep.
1195 1281 1234 1312 16
1254 1281 1335 1319 (17),
1356 1279 1416 1310 251
1440 1273 1543 1317 Quod

99 1328 184 1359 bene
210 1328 242 1356 te
266 1326 375 1356 iactes
393 1326 426 1356 et
441 1323 553 1362 fortia
571 1323 672 1362 facta
690 1323 862 1366 loquaris,
887 1324 919 1355 A
938 1324 1051 1355 verbis
1067 1323 1181 1362 facies
1198 1324 1346 1356 dissidet
1364 1326 1431 1355 ista
1448 1322 1542 1360 suis,-

100 1374 140 1405 17
167 1372 248 1412 (18),
275 1372 315 1403 41
348 1369 433 1401 Tam
456 1369 598 1411 gelidus
623 1369 719 1411 quod
741 1371 806 1411 sis,
832 1380 904 1401 non
930 1372 964 1400 te
990 1372 1122 1410 tamen,
1151 1371 1327 1412 improbe,
1362 1367 1541 1411 quondam

98 1417 246 1459 Ignibus
262 1416 406 1448 Actaeis
424 1414 614 1446 incaluisse
631 1425 762 1456 negas;
781 1426 821 1447 ex
835 1414 947 1448 Ponto
965 1414 1018 1448 IV.
1041 1417 1092 1456 10,
1111 1417 1152 1449 25
1169 1415 1291 1459 Scylla
1307 1415 1397 1454 feris
1415 1418 1541 1447 trunco

99 1461 196 1504 quod
219 1461 326 1494 latret
351 1462 393 1493 ab
419 1462 571 1502 inguine
593 1463 772 1502 monstris,
797 1461 1000 1492 Heniochae
1023 1463 1145 1493 nautis
1164 1461 1248 1503 plus
1269 1472 1421 1493 nocuere
1438 1463 1542 1492 rates,

97 1507 210 1550 Priap.
229 1509 260 1548 6,
282 1509 296 1540 1
319 1506 422 1547 Quod
437 1508 503 1538 sim
529 1506 680 1548 ligneas,
705 1509 746 1538 ut
771 1506 876 1547 vides,
902 1506 1055 1548 Priapus
1081 1509 1115 1538 et
1137 1506 1220 1545 fabr:
1246 1507 1362 1549 lignea
1389 1507 1543 1548 ligneus-

99 1564 166 1596 que
187 1554 300 1595 penis,
324 1552 500 1584 Prenclam
527 1555 560 1583 te
585 1555 700 1583 tamen
728 1555 761 1583 et
787 1553 906 1584 tenebo
932 1562 1098 1594 prensam
1108 1565 1121 1592 ,·
1148 1554 1201 1591 75,
1230 1555 1244 1585 1
1267 1553 1369 1594 Quod
1387 1555 1453 1585 sim
1470 1555 1542 1584 iam

98 1600 219 1631 senior
242 1608 427 1639 meumque
453 1599 552 1630 canis
571 1597 655 1630 Cum
681 1599 790 1630 barba
814 1600 923 1640 caput
939 1597 1068 1629 albicet
1085 1598 1235 1640 capillis,
1259 1599 1460 1641 Deprensos
1478 1609 1542 1640 ego

97 1643 287 1687 perforare
306 1653 461 1685 possum.
509 1642 567 1675 His
593 1643 682 1675 enim
707 1643 793 1676 locis
819 1654 885 1676 non
912 1642 993 1676 ficta
1017 1653 1082 1685 res,
1108 1643 1168 1676 sed
1188 1655 1268 1677 vera
1286 1644 1438 1687 ponitur:
1465 1654 1542 1677 nam

97 1690 147 1723 ita
171 1688 325 1732 profecto
353 1688 454 1721 etiam
481 1687 522 1720 de
546 1687 623 1721 loco
643 1688 808 1722 Ovidiano
828 1688 1047 1731 epistolarum
1065 1699 1105 1721 ex
1124 1688 1234 1723 Ponto
1252 1689 1468 1723 iudicandum
1487 1699 1544 1722 ne-

101 1745 166 1778 que
192 1733 410 1767 statuendum
436 1736 572 1776 poetam
598 1744 668 1766 rem
693 1733 885 1766 fabulosam
912 1738 945 1766 et
969 1734 1134 1767 incertam
1161 1734 1353 1777 significare
1381 1735 1542 1768 voluisse.

99 1780 217 1823 ltaque
242 1784 334 1812 recte
359 1779 493 1812 duobus
519 1779 635 1822 primis
662 1784 761 1812 antea
789 1790 867 1811 cum
895 1779 1041 1820 editum,
1074 1780 1215 1823 reliquis
1240 1780 1416 1814 indicativi
1443 1786 1500 1814 aut
1526 1791 1543 1813 e

101 1825 277 1859 codicibus
302 1829 359 1858 aut
386 1836 426 1857 ex
453 1825 646 1857 coniectura
672 1825 755 1868 poni
774 1824 942 1857 videntur.
985 1824 1103 1867 Neque
1121 1825 1210 1858 enim
1229 1826 1484 1859 coniunctivum
1503 1837 1544 1860 eo

101 1870 237 1904 defendi
263 1881 365 1913 posse
391 1870 600 1912 crediderim,
627 1869 718 1913 quod
744 1880 804 1913 pro
831 1869 996 1913 particula
1021 1870 1117 1911 quod
1133 1870 1185 1903 bis
1204 1870 1288 1904 locis
1307 1874 1467 1912 quamvis
1484 1882 1546 1914 po-

100 1927 180 1950 nere
204 1916 340 1948 licebat.

217 1961 285 1994 lam
311 1972 351 1994 eo
370 1961 514 2004 Nepotis
540 1961 628 1997 loco.
654 1961 695 1994 de
722 1972 789 2004 quo
815 1960 926 1994 dicere
952 1961 1173 1995 instituimus.
1199 1972 1279 1994 sane
1306 1961 1413 1994 altero
1440 1972 1545 1995 enun-

103 2008 188 2041 tiato
213 2006 375 2041 iudicium
401 2006 507 2039 fertur
532 2006 573 2039 de
598 2016 632 2039 re
658 2006 691 2039 in
719 2007 830 2049 priore
854 2006 974 2046 relata,
1000 2017 1075 2040 cum
1098 2007 1206 2039 maius
1226 2006 1384 2050 quiddam
1404 2017 1421 2039 a
1439 2006 1546 2040 Thra-

104 2053 228 2097 sybulo
247 2057 481 2096 perpetratum
500 2052 729 2095 significetui-2
756 2052 816 2085 sed
835 2062 893 2085 cur
910 2052 967 2085 illa
986 2063 1038 2085 res
1056 2052 1182 2085 iudicio
1201 2053 1422 2094 subiceretur,
1441 2063 1542 2086 causa

103 2098 196 2131 nulla
222 2102 305 2140 erat,
331 2098 456 2141 quippe
475 2108 561 2141 quae
580 2097 722 2140 gloriam
741 2097 960 2141 Thrasybuli,
986 2097 1026 2130 de
1046 2109 1111 2141 qua
1132 2098 1252 2140 agitur,
1278 2098 1370 2131 nulla
1390 2108 1430 2130 ex
1448 2103 1543 2141 parte

103 2143 281 2176 minueret.
319 2143 425 2176 Recte
451 2143 484 2176 id
508 2143 617 2185 fieret,
643 2143 671 2176 si
698 2143 782 2176 haec
804 2143 915 2186 priore
933 2144 1109 2176 enuntiato
1128 2143 1322 2186 legerentur
1339 2143 1432 2176 ss'am
1450 2144 1547 2186 quod

101 2189 302 2231 gloriosum
326 2188 509 2221 iudicatur
535 2191 576 2221 ab
603 2200 675 2221 uno
701 2192 859 2232 tyranno
883 2191 1041 2231 patriam
1066 2189 1219 2221 liberare
1237 2188 1292 2221 vel
1311 2189 1407 2231 quod
1422 2191 1547 2231 magni

99 2237 298 2277 putantur,
331 2235 394 2275 qui
426 2236 468 2266 ab
502 2245 573 2266 uno
608 2238 762 2277 tyranno
789 2237 952 2277 patriam
987 2235 1189 2267 liberarunt
1213 2235 1268 2267 vel
1295 2235 1435 2267 similia:
1467 2245 1544 2267 nam

107 2279 165 2322 qni
190 2280 236 2312 ita
262 2278 469 2317 iudicarent,
494 2290 536 2312 ne
562 2280 645 2312 satis
670 2279 910 2323 intellegerent
935 2280 1042 2313 maius
1068 2291 1143 2314 esse
1174 2281 1301 2313 sactum
1326 2280 1545 2323 Thrasybuli,

106 2325 217 2358 timeri
252 2328 397 2369 poterat.
445 2324 562 2368 ltaque
594 2325 675 2357 olim
708 2330 787 2368 post
817 2325 902 2359 alios
927 2337 1001 2359 eam
1026 2327 1192 2359 rationem
1220 2331 1356 2359 secutus
1382 2336 1475 2366 sum,
1509 2331 1546 2358 ut

107 2371 202 2413 quod
225 2381 412 2414 pronomen
438 2380 513 2403 esse
539 2375 573 2404 et
599 2371 825 2404 anacoluthon
852 2372 1023 2414 quoddam
1049 2382 1066 2404 a
1092 2371 1225 2414 Nepote
1252 2371 1435 2404 admissum
1461 2370 1545 2403 indi-

107 2427 218 2450 carem
251 2416 377 2449 collato
411 2415 583 2449 Ciceronis
615 2416 692 2449 loco
717 2415 803 2451 Phil.
830 2416 897 2450 Vll.
925 2419 962 2457 8,
989 2419 1031 2450 22
1066 2417 1119 2449 Ita
1153 2417 1249 2459 quod
1284 2420 1361 2449 erat
1395 2417 1546 2459 optabile

109 2465 226 2504 antea,
249 2466 290 2494 ut
311 2461 484 2504 populum
511 2461 708 2494 Romanum
735 2464 897 2495 comitem
922 2464 1140 2503 haberemus,
1171 2473 1267 2495 nunc
1292 2464 1458 2494 habemus
1484 2462 1547 2494 du·

109 2518 191 2540 cem.
239 2507 338 2541 Nunc
370 2518 480 2550 neque
514 2507 603 2550 apud
629 2507 825 2541 Ciceronem
859 2508 923 2541 hoc
957 2507 1170 2541 tolerandum
1196 2512 1299 2550 puto,
1333 2507 1390 2550 qui
1424 2508 1547 2550 Itaque

109 2556 188 2585 erat
212 2558 269 2586 aut
294 2554 348 2585 Ita
375 2563 453 2585 cum
479 2556 564 2585 essct
590 2553 742 2595 optabile
768 2553 902 2586 videtur
927 2553 1103 2596 scripsisse
1129 2553 1259 2594 (eadem
1280 2553 1367 2585 enim
1386 2553 1440 2586 hic
1458 2563 1544 2597 quae

109 2597 315 2642 Thrasybuli
341 2599 417 2632 loco
444 2608 545 2631 causa
571 2598 731 2641 impedit,
766 2610 832 2641 quo
858 2599 970 2632 minus
996 2599 1092 2641 quod
1116 2598 1281 2641 particula
1307 2609 1383 2632 esse
1407 2597 1546 2642 possit),
