<?xml version="1.0" encoding="UTF-8"?>
<!DOCTYPE html PUBLIC "-//W3C//DTD XHTML 1.0 Transitional//EN"
    "http://www.w3.org/TR/xhtml1/DTD/xhtml1-transitional.dtd">
<html xmlns="http://www.w3.org/1999/xhtml" xml:lang="en" lang="en">
 <head>
  <title>
</title>
<meta http-equiv="Content-Type" content="text/html;charset=utf-8" />
  <meta name='ocr-system' content='tesseract 3.04.00' />
  <meta name='ocr-capabilities' content='ocr_page ocr_carea ocr_par ocr_line ocrx_word'/>
</head>
<body>
  <div class='ocr_page' id='page_1' title='image "./corneliusne2ed00nepouoft_0275.png"; bbox 0 0 1780 2877; ppageno 0'>
   <div class='ocr_carea' id='block_1_1' title="bbox 587 129 1073 164">
    <p class='ocr_par' dir='ltr' id='par_1_1' title="bbox 587 129 1073 164">
     <span class='ocr_line' id='line_1_1' title="bbox 587 129 1073 164; baseline 0.004 -2"><span class='ocrx_word' id='word_1_1' title='bbox 587 129 690 164; x_wconf 81' lang='lat' dir='ltr'>XXV.</span> <span class='ocrx_word' id='word_1_2' title='bbox 717 129 913 164; x_wconf 81' lang='lat' dir='ltr'>ATTICUS.</span> <span class='ocrx_word' id='word_1_3' title='bbox 943 132 992 164; x_wconf 84' lang='lat'>19.</span> <span class='ocrx_word' id='word_1_4' title='bbox 1020 131 1073 164; x_wconf 84' lang='lat'>20.</span> 
     </span>
    </p>
   </div>
   <div class='ocr_carea' id='block_1_2' title="bbox 1463 127 1545 166">
    <p class='ocr_par' dir='ltr' id='par_1_2' title="bbox 1463 127 1545 166">
     <span class='ocr_line' id='line_1_2' title="bbox 1463 127 1545 166; baseline 0 0"><span class='ocrx_word' id='word_1_5' title='bbox 1463 127 1545 166; x_wconf 81' lang='lat'>229</span> 
     </span>
    </p>
   </div>
   <div class='ocr_carea' id='block_1_3' title="bbox 108 244 1545 292">
    <p class='ocr_par' dir='ltr' id='par_1_3' title="bbox 108 244 1545 292">
     <span class='ocr_line' id='line_1_3' title="bbox 108 244 1545 292; baseline 0 -8"><span class='ocrx_word' id='word_1_6' title='bbox 108 245 198 285; x_wconf 87' lang='lat' dir='ltr'>rari.</span> <span class='ocrx_word' id='word_1_7' title='bbox 249 244 316 284; x_wconf 86' lang='lat' dir='ltr'>Est</span> <span class='ocrx_word' id='word_1_8' title='bbox 346 245 461 284; x_wconf 90' lang='lat' dir='ltr'>etiam</span> <span class='ocrx_word' id='word_1_9' title='bbox 495 258 599 285; x_wconf 90' lang='lat' dir='ltr'>unus</span> <span class='ocrx_word' id='word_1_10' title='bbox 630 246 729 285; x_wconf 87' lang='lat' dir='ltr'>liber</span> <span class='ocrx_word' id='word_1_11' title='bbox 750 246 896 285; x_wconf 80' lang='lat' dir='ltr'><strong>Graece</strong></span> <span class='ocrx_word' id='word_1_12' title='bbox 919 246 1143 292; x_wconf 85' lang='lat' dir='ltr'>confectus,</span> <span class='ocrx_word' id='word_1_13' title='bbox 1175 245 1221 283; x_wconf 90' lang='lat' dir='ltr'>de</span> <span class='ocrx_word' id='word_1_14' title='bbox 1253 246 1461 285; x_wconf 82' lang='lat' dir='ltr'>consulatu</span> <span class='ocrx_word' id='word_1_15' title='bbox 1484 245 1545 286; x_wconf 89' lang='lat' dir='ltr'>Ci-</span> 
     </span>
    </p>
   </div>
   <div class='ocr_carea' id='block_1_4' title="bbox 109 302 277 341">
    <p class='ocr_par' dir='ltr' id='par_1_4' title="bbox 109 302 277 341">
     <span class='ocr_line' id='line_1_4' title="bbox 109 302 277 341; baseline 0 0"><span class='ocrx_word' id='word_1_16' title='bbox 109 302 277 341; x_wconf 89' lang='lat' dir='ltr'>ceronis.</span> 
     </span>
    </p>
   </div>
   <div class='ocr_carea' id='block_1_5' title="bbox 224 357 1617 408">
    <p class='ocr_par' dir='ltr' id='par_1_5' title="bbox 224 357 1617 408">
     <span class='ocr_line' id='line_1_5' title="bbox 224 357 1617 408; baseline 0.001 -11"><span class='ocrx_word' id='word_1_17' title='bbox 224 358 425 399; x_wconf 78' lang='lat' dir='ltr'>Hactenus</span> <span class='ocrx_word' id='word_1_18' title='bbox 446 359 574 398; x_wconf 85' lang='lat' dir='ltr'>Attico</span> <span class='ocrx_word' id='word_1_19' title='bbox 604 359 688 397; x_wconf 77' lang='lat' dir='ltr'>vivo</span> <span class='ocrx_word' id='word_1_20' title='bbox 719 358 819 397; x_wconf 91' lang='lat' dir='ltr'>edita</span> <span class='ocrx_word' id='word_1_21' title='bbox 851 371 871 396; x_wconf 84' lang='lat' dir='ltr'>a</span> <span class='ocrx_word' id='word_1_22' title='bbox 894 357 1008 397; x_wconf 87' lang='lat' dir='ltr'>nohis</span> <span class='ocrx_word' id='word_1_23' title='bbox 1038 363 1143 397; x_wconf 91' lang='lat' dir='ltr'>sunt.</span> <span class='ocrx_word' id='word_1_24' title='bbox 1192 357 1326 404; x_wconf 91' lang='lat' dir='ltr'>Nunc,</span> <span class='ocrx_word' id='word_1_25' title='bbox 1359 359 1546 408; x_wconf 88' lang='lat' dir='ltr'>quoniam</span> <span class='ocrx_word' id='word_1_26' title='bbox 1570 363 1617 399; x_wconf 84' lang='grc'><strong>19</strong></span> 
     </span>
    </p>
   </div>
   <div class='ocr_carea' id='block_1_6' title="bbox 109 414 1599 866">
    <p class='ocr_par' dir='ltr' id='par_1_6' title="bbox 109 414 1599 866">
     <span class='ocr_line' id='line_1_6' title="bbox 110 414 1546 468; baseline -0.002 -12"><span class='ocrx_word' id='word_1_27' title='bbox 110 417 270 456; x_wconf 86' lang='lat' dir='ltr'>fortuna</span> <span class='ocrx_word' id='word_1_28' title='bbox 300 429 373 456; x_wconf 89' lang='lat' dir='ltr'>nos</span> <span class='ocrx_word' id='word_1_29' title='bbox 400 415 632 468; x_wconf 81' lang='lat' dir='ltr'>superstites</span> <span class='ocrx_word' id='word_1_30' title='bbox 661 414 694 453; x_wconf 92' lang='lat' dir='ltr'>ei</span> <span class='ocrx_word' id='word_1_31' title='bbox 725 427 808 454; x_wconf 89' lang='lat' dir='ltr'>esse</span> <span class='ocrx_word' id='word_1_32' title='bbox 829 414 969 463; x_wconf 86' lang='lat' dir='ltr'>voluit,</span> <span class='ocrx_word' id='word_1_33' title='bbox 1001 414 1151 465; x_wconf 88' lang='lat' dir='ltr'>reliqua</span> <span class='ocrx_word' id='word_1_34' title='bbox 1180 426 1468 466; x_wconf 85' lang='lat' dir='ltr'>persequemur</span> <span class='ocrx_word' id='word_1_35' title='bbox 1497 422 1546 463; x_wconf 90' lang='lat' dir='ltr'>et,</span> 
     </span>
     <span class='ocr_line' id='line_1_7' title="bbox 111 470 1549 525; baseline -0.001 -12"><span class='ocrx_word' id='word_1_36' title='bbox 111 479 304 525; x_wconf 88' lang='lat' dir='ltr'>quantum</span> <span class='ocrx_word' id='word_1_37' title='bbox 325 473 582 525; x_wconf 90' lang='lat' dir='ltr'>potuerimus,</span> <span class='ocrx_word' id='word_1_38' title='bbox 611 483 744 513; x_wconf 85' lang='lat' dir='ltr'>rerum</span> <span class='ocrx_word' id='word_1_39' title='bbox 767 471 956 523; x_wconf 85' lang='lat' dir='ltr'>exemplis</span> <span class='ocrx_word' id='word_1_40' title='bbox 976 471 1145 510; x_wconf 88' lang='lat' dir='ltr'>lectores</span> <span class='ocrx_word' id='word_1_41' title='bbox 1167 470 1415 519; x_wconf 80' lang='lat' dir='ltr'>docebimus,</span> <span class='ocrx_word' id='word_1_42' title='bbox 1447 471 1549 511; x_wconf 85' lang='lat' dir='ltr'>sicut</span> 
     </span>
     <span class='ocr_line' id='line_1_8' title="bbox 110 528 1549 583; baseline -0.001 -13"><span class='ocrx_word' id='word_1_43' title='bbox 110 543 230 583; x_wconf 88' lang='lat' dir='ltr'>supra</span> <span class='ocrx_word' id='word_1_44' title='bbox 259 529 581 583; x_wconf 81' lang='lat' dir='ltr'>significavimus,</span> <span class='ocrx_word' id='word_1_45' title='bbox 618 541 710 568; x_wconf 89' lang='lat' dir='ltr'>suos</span> <span class='ocrx_word' id='word_1_46' title='bbox 740 528 882 579; x_wconf 91' lang='lat' dir='ltr'>cuique</span> <span class='ocrx_word' id='word_1_47' title='bbox 912 540 1042 567; x_wconf 89' lang='lat' dir='ltr'>mores</span> <span class='ocrx_word' id='word_1_48' title='bbox 1071 528 1304 580; x_wconf 87' lang='lat' dir='ltr'>plerumque</span> <span class='ocrx_word' id='word_1_49' title='bbox 1338 528 1549 568; x_wconf 88' lang='lat' dir='ltr'>conciliare</span> 
     </span>
     <span class='ocr_line' id='line_1_9' title="bbox 110 585 1599 637; baseline -0.002 -10"><span class='ocrx_word' id='word_1_50' title='bbox 110 588 323 627; x_wconf 83' lang='lat' dir='ltr'>fortunam.</span> <span class='ocrx_word' id='word_1_51' title='bbox 354 587 530 637; x_wconf 82' lang='lat' dir='ltr'>Namque</span> <span class='ocrx_word' id='word_1_52' title='bbox 551 585 615 624; x_wconf 93' lang='lat' dir='ltr'>hic</span> <span class='ocrx_word' id='word_1_53' title='bbox 632 591 845 625; x_wconf 90' lang='lat' dir='ltr'>contentus</span> <span class='ocrx_word' id='word_1_54' title='bbox 862 585 999 624; x_wconf 85' lang='lat' dir='ltr'>ordine</span> <span class='ocrx_word' id='word_1_55' title='bbox 1017 585 1202 636; x_wconf 82' lang='lat' dir='ltr'>equestri,</span> <span class='ocrx_word' id='word_1_56' title='bbox 1225 598 1303 637; x_wconf 91' lang='lat' dir='ltr'>quo</span> <span class='ocrx_word' id='word_1_57' title='bbox 1322 590 1405 624; x_wconf 86' lang='lat' dir='ltr'>erat</span> <span class='ocrx_word' id='word_1_58' title='bbox 1426 591 1549 633; x_wconf 88' lang='lat' dir='ltr'>ortus,</span> <span class='ocrx_word' id='word_1_59' title='bbox 1580 592 1599 624; x_wconf 89' lang='lat'><strong>2</strong></span> 
     </span>
     <span class='ocr_line' id='line_1_10' title="bbox 111 642 1548 694; baseline -0.002 -10"><span class='ocrx_word' id='word_1_60' title='bbox 111 645 149 684; x_wconf 92' lang='lat' dir='ltr'>in</span> <span class='ocrx_word' id='word_1_61' title='bbox 173 644 400 684; x_wconf 84' lang='lat' dir='ltr'>affinitatem</span> <span class='ocrx_word' id='word_1_62' title='bbox 424 642 601 694; x_wconf 77' lang='lat' dir='ltr'>pervenit</span> <span class='ocrx_word' id='word_1_63' title='bbox 623 642 884 694; x_wconf 88' lang='lat' dir='ltr'>imperatoris,</span> <span class='ocrx_word' id='word_1_64' title='bbox 916 642 991 682; x_wconf 87' lang='lat' dir='ltr'>divi</span> <span class='ocrx_word' id='word_1_65' title='bbox 1012 642 1092 691; x_wconf 89' lang='lat' dir='ltr'>filii,</span> <span class='ocrx_word' id='word_1_66' title='bbox 1115 654 1205 682; x_wconf 91' lang='lat' dir='ltr'>cum</span> <span class='ocrx_word' id='word_1_67' title='bbox 1227 642 1303 681; x_wconf 90' lang='lat' dir='ltr'>iam</span> <span class='ocrx_word' id='word_1_68' title='bbox 1325 647 1416 682; x_wconf 87' lang='lat' dir='ltr'>ante</span> <span class='ocrx_word' id='word_1_69' title='bbox 1437 643 1548 681; x_wconf 85' lang='lat' dir='ltr'>sami-</span> 
     </span>
     <span class='ocr_line' id='line_1_11' title="bbox 110 699 1547 752; baseline -0.001 -12"><span class='ocrx_word' id='word_1_70' title='bbox 110 701 318 741; x_wconf 89' lang='lat' dir='ltr'>liaritatem</span> <span class='ocrx_word' id='word_1_71' title='bbox 341 700 425 740; x_wconf 88' lang='lat' dir='ltr'>eius</span> <span class='ocrx_word' id='word_1_72' title='bbox 448 705 549 739; x_wconf 91' lang='lat' dir='ltr'>esset</span> <span class='ocrx_word' id='word_1_73' title='bbox 566 705 806 739; x_wconf 89' lang='lat' dir='ltr'>consecutus</span> <span class='ocrx_word' id='word_1_74' title='bbox 822 699 929 739; x_wconf 92' lang='lat' dir='ltr'>nulla</span> <span class='ocrx_word' id='word_1_75' title='bbox 946 699 1019 738; x_wconf 86' lang='lat' dir='ltr'>alia</span> <span class='ocrx_word' id='word_1_76' title='bbox 1035 712 1077 739; x_wconf 89' lang='lat' dir='ltr'>re</span> <span class='ocrx_word' id='word_1_77' title='bbox 1094 712 1211 751; x_wconf 87' lang='lat' dir='ltr'>quam</span> <span class='ocrx_word' id='word_1_78' title='bbox 1228 699 1419 752; x_wconf 79' lang='lat' dir='ltr'>elegantia</span> <span class='ocrx_word' id='word_1_79' title='bbox 1436 699 1547 745; x_wconf 77' lang='lat' dir='ltr'>vitae,</span> 
     </span>
     <span class='ocr_line' id='line_1_12' title="bbox 112 756 1550 810; baseline -0.002 -12"><span class='ocrx_word' id='word_1_80' title='bbox 112 770 187 810; x_wconf 91' lang='lat' dir='ltr'>qua</span> <span class='ocrx_word' id='word_1_81' title='bbox 219 763 371 797; x_wconf 90' lang='lat' dir='ltr'>ceteros</span> <span class='ocrx_word' id='word_1_82' title='bbox 399 762 558 808; x_wconf 82' lang='lat' dir='ltr'>ceperat</span> <span class='ocrx_word' id='word_1_83' title='bbox 594 757 795 809; x_wconf 78' lang='lat' dir='ltr'>principes</span> <span class='ocrx_word' id='word_1_84' title='bbox 824 757 989 796; x_wconf 81' lang='lat' dir='ltr'>civitatis</span> <span class='ocrx_word' id='word_1_85' title='bbox 1018 756 1208 808; x_wconf 79' lang='lat' dir='ltr'>dignitate</span> <span class='ocrx_word' id='word_1_86' title='bbox 1245 757 1349 809; x_wconf 91' lang='lat' dir='ltr'>pari,</span> <span class='ocrx_word' id='word_1_87' title='bbox 1390 757 1550 797; x_wconf 87' lang='lat' dir='ltr'>fortuna</span> 
     </span>
     <span class='ocr_line' id='line_1_13' title="bbox 109 814 1599 866; baseline -0.002 -12"><span class='ocrx_word' id='word_1_88' title='bbox 109 814 353 854; x_wconf 90' lang='lat' dir='ltr'>humiliores.</span> <span class='ocrx_word' id='word_1_89' title='bbox 396 814 521 853; x_wconf 88' lang='lat' dir='ltr'>Tanta</span> <span class='ocrx_word' id='word_1_90' title='bbox 544 814 649 853; x_wconf 87' lang='lat' dir='ltr'>enim</span> <span class='ocrx_word' id='word_1_91' title='bbox 671 814 913 866; x_wconf 84' lang='lat' dir='ltr'>prosperitas</span> <span class='ocrx_word' id='word_1_92' title='bbox 936 814 1140 853; x_wconf 86' lang='lat' dir='ltr'>Caesarem</span> <span class='ocrx_word' id='word_1_93' title='bbox 1162 819 1219 853; x_wconf 92' lang='lat' dir='ltr'>est</span> <span class='ocrx_word' id='word_1_94' title='bbox 1242 819 1475 862; x_wconf 88' lang='lat' dir='ltr'>consecuta,</span> <span class='ocrx_word' id='word_1_95' title='bbox 1508 819 1552 853; x_wconf 90' lang='lat' dir='ltr'>ut</span> <span class='ocrx_word' id='word_1_96' title='bbox 1581 819 1599 850; x_wconf 88' lang='lat'><strong>3</strong></span> 
     </span>
    </p>
   </div>
   <div class='ocr_carea' id='block_1_7' title="bbox 111 871 1613 922">
    <p class='ocr_par' dir='ltr' id='par_1_7' title="bbox 111 871 1613 922">
     <span class='ocr_line' id='line_1_14' title="bbox 111 871 1613 922; baseline -0.001 -11"><span class='ocrx_word' id='word_1_97' title='bbox 111 872 210 911; x_wconf 87' lang='lat' dir='ltr'>nihil</span> <span class='ocrx_word' id='word_1_98' title='bbox 232 872 267 911; x_wconf 92' lang='lat' dir='ltr'>ei</span> <span class='ocrx_word' id='word_1_99' title='bbox 290 884 371 910; x_wconf 92' lang='lat' dir='ltr'>non</span> <span class='ocrx_word' id='word_1_100' title='bbox 397 871 578 910; x_wconf 84' lang='lat' dir='ltr'>tribuerit</span> <span class='ocrx_word' id='word_1_101' title='bbox 599 871 779 919; x_wconf 85' lang='lat' dir='ltr'>fortuna,</span> <span class='ocrx_word' id='word_1_102' title='bbox 813 872 916 922; x_wconf 89' lang='lat' dir='ltr'>quod</span> <span class='ocrx_word' id='word_1_103' title='bbox 949 871 1131 922; x_wconf 84' lang='lat' dir='ltr'>cuiquam</span> <span class='ocrx_word' id='word_1_104' title='bbox 1155 876 1245 910; x_wconf 87' lang='lat' dir='ltr'>ante</span> <span class='ocrx_word' id='word_1_105' title='bbox 1277 871 1479 918; x_wconf 88' lang='lat' dir='ltr'>detulerit,</span> <span class='ocrx_word' id='word_1_106' title='bbox 1512 876 1550 910; x_wconf 90' lang='lat' dir='ltr'>et</span> <span class='ocrx_word' id='word_1_107' title='bbox 1609 884 1613 885; x_wconf 48' lang='lat'><em>⁷</em></span> 
     </span>
    </p>
   </div>
   <div class='ocr_carea' id='block_1_8' title="bbox 111 927 1601 1151">
    <p class='ocr_par' dir='ltr' id='par_1_8' title="bbox 111 927 1601 1151">
     <span class='ocr_line' id='line_1_15' title="bbox 111 927 1549 979; baseline -0.001 -11"><span class='ocrx_word' id='word_1_108' title='bbox 111 928 352 976; x_wconf 88' lang='lat' dir='ltr'>conciliarit,</span> <span class='ocrx_word' id='word_1_109' title='bbox 390 929 495 979; x_wconf 93' lang='lat' dir='ltr'>quod</span> <span class='ocrx_word' id='word_1_110' title='bbox 528 940 644 967; x_wconf 92' lang='lat' dir='ltr'>nemo</span> <span class='ocrx_word' id='word_1_111' title='bbox 676 928 802 967; x_wconf 91' lang='lat' dir='ltr'>adhuc</span> <span class='ocrx_word' id='word_1_112' title='bbox 835 928 928 967; x_wconf 83' lang='lat' dir='ltr'>civis</span> <span class='ocrx_word' id='word_1_113' title='bbox 957 928 1160 967; x_wconf 86' lang='lat' dir='ltr'>Romanus</span> <span class='ocrx_word' id='word_1_114' title='bbox 1192 928 1314 979; x_wconf 82' lang='lat' dir='ltr'>quivit</span> <span class='ocrx_word' id='word_1_115' title='bbox 1345 927 1549 979; x_wconf 86' lang='lat' dir='ltr'>consequi.</span> 
     </span>
     <span class='ocr_line' id='line_1_16' title="bbox 111 984 1601 1036; baseline -0.002 -11"><span class='ocrx_word' id='word_1_116' title='bbox 111 986 209 1025; x_wconf 79' lang='lat' dir='ltr'>Nata</span> <span class='ocrx_word' id='word_1_117' title='bbox 230 992 289 1025; x_wconf 89' lang='lat' dir='ltr'>est</span> <span class='ocrx_word' id='word_1_118' title='bbox 309 991 440 1024; x_wconf 90' lang='lat' dir='ltr'>autem</span> <span class='ocrx_word' id='word_1_119' title='bbox 456 984 583 1024; x_wconf 89' lang='lat' dir='ltr'>Attico</span> <span class='ocrx_word' id='word_1_120' title='bbox 607 985 738 1036; x_wconf 89' lang='lat' dir='ltr'>neptis</span> <span class='ocrx_word' id='word_1_121' title='bbox 761 998 807 1024; x_wconf 80' lang='lat' dir='ltr'>ex</span> <span class='ocrx_word' id='word_1_122' title='bbox 823 985 1008 1036; x_wconf 79' lang='lat' dir='ltr'>Agrippa,</span> <span class='ocrx_word' id='word_1_123' title='bbox 1032 985 1094 1024; x_wconf 93' lang='lat' dir='ltr'>cui</span> <span class='ocrx_word' id='word_1_124' title='bbox 1116 985 1307 1036; x_wconf 77' lang='lat' dir='ltr'>virginem</span> <span class='ocrx_word' id='word_1_125' title='bbox 1331 985 1447 1024; x_wconf 81' lang='lat' dir='ltr'>tiliam</span> <span class='ocrx_word' id='word_1_126' title='bbox 1470 984 1551 1024; x_wconf 92' lang='lat' dir='ltr'>col-</span> <span class='ocrx_word' id='word_1_127' title='bbox 1581 991 1601 1022; x_wconf 90' lang='grc'>4</span> 
     </span>
     <span class='ocr_line' id='line_1_17' title="bbox 111 1041 1552 1089; baseline -0.001 -7"><span class='ocrx_word' id='word_1_128' title='bbox 111 1043 270 1082; x_wconf 88' lang='lat' dir='ltr'>locarat.</span> <span class='ocrx_word' id='word_1_129' title='bbox 309 1041 420 1080; x_wconf 88' lang='lat' dir='ltr'>Hanc</span> <span class='ocrx_word' id='word_1_130' title='bbox 444 1041 584 1080; x_wconf 88' lang='lat' dir='ltr'>Caesar</span> <span class='ocrx_word' id='word_1_131' title='bbox 605 1042 667 1080; x_wconf 75' lang='lat' dir='ltr'>vix</span> <span class='ocrx_word' id='word_1_132' title='bbox 688 1042 914 1082; x_wconf 85' lang='lat' dir='ltr'>anniculam</span> <span class='ocrx_word' id='word_1_133' title='bbox 936 1041 993 1080; x_wconf 92' lang='lat' dir='ltr'>Ti.</span> <span class='ocrx_word' id='word_1_134' title='bbox 1018 1041 1177 1081; x_wconf 91' lang='lat' dir='ltr'>Claudio</span> <span class='ocrx_word' id='word_1_135' title='bbox 1200 1041 1361 1089; x_wconf 84' lang='lat' dir='ltr'>Neroni,</span> <span class='ocrx_word' id='word_1_136' title='bbox 1384 1041 1552 1081; x_wconf 88' lang='lat' dir='ltr'>Drusilla</span> 
     </span>
     <span class='ocr_line' id='line_1_18' title="bbox 111 1099 1552 1151; baseline -0.002 -12"><span class='ocrx_word' id='word_1_137' title='bbox 111 1106 226 1148; x_wconf 90' lang='lat' dir='ltr'>nato,</span> <span class='ocrx_word' id='word_1_138' title='bbox 252 1099 432 1151; x_wconf 78' lang='lat' dir='ltr'>privigno</span> <span class='ocrx_word' id='word_1_139' title='bbox 455 1112 548 1146; x_wconf 92' lang='lat' dir='ltr'>suo,</span> <span class='ocrx_word' id='word_1_140' title='bbox 580 1099 811 1150; x_wconf 81' lang='lat' dir='ltr'>despondit3</span> <span class='ocrx_word' id='word_1_141' title='bbox 844 1111 943 1150; x_wconf 89' lang='lat' dir='ltr'>quae</span> <span class='ocrx_word' id='word_1_142' title='bbox 965 1099 1194 1138; x_wconf 85' lang='lat' dir='ltr'>coniunctio</span> <span class='ocrx_word' id='word_1_143' title='bbox 1217 1099 1552 1138; x_wconf 89' lang='lat' dir='ltr'>necessitudinem</span> 
     </span>
    </p>
   </div>
   <div class='ocr_carea' id='block_1_9' title="bbox 112 1155 1623 1207">
    <p class='ocr_par' dir='ltr' id='par_1_9' title="bbox 112 1155 1623 1207">
     <span class='ocr_line' id='line_1_19' title="bbox 112 1155 1623 1207; baseline -0.003 -11"><span class='ocrx_word' id='word_1_144' title='bbox 112 1169 250 1196; x_wconf 89' lang='lat' dir='ltr'>eorum</span> <span class='ocrx_word' id='word_1_145' title='bbox 280 1156 426 1200; x_wconf 81' lang='lat' dir='ltr'>sanxit,</span> <span class='ocrx_word' id='word_1_146' title='bbox 464 1155 765 1195; x_wconf 82' lang='lat' dir='ltr'>familiaritatem</span> <span class='ocrx_word' id='word_1_147' title='bbox 794 1156 962 1195; x_wconf 87' lang='lat' dir='ltr'>reddidit</span> <span class='ocrx_word' id='word_1_148' title='bbox 991 1156 1315 1207; x_wconf 87' lang='lat' dir='ltr'>frequentiorem.</span> <span class='ocrx_word' id='word_1_149' title='bbox 1367 1155 1552 1201; x_wconf 73' lang='lat' dir='ltr'>Quamvis</span> <span class='ocrx_word' id='word_1_150' title='bbox 1572 1156 1623 1192; x_wconf 79' lang='lat'>20</span> 
     </span>
    </p>
   </div>
   <div class='ocr_carea' id='block_1_10' title="bbox 112 1213 1553 1265">
    <p class='ocr_par' dir='ltr' id='par_1_10' title="bbox 112 1213 1553 1265">
     <span class='ocr_line' id='line_1_20' title="bbox 112 1213 1553 1265; baseline -0.001 -13"><span class='ocrx_word' id='word_1_151' title='bbox 112 1220 203 1253; x_wconf 91' lang='lat' dir='ltr'>ante</span> <span class='ocrx_word' id='word_1_152' title='bbox 224 1214 320 1253; x_wconf 91' lang='lat' dir='ltr'>haec</span> <span class='ocrx_word' id='word_1_153' title='bbox 341 1213 538 1265; x_wconf 88' lang='lat' dir='ltr'>sponsalia</span> <span class='ocrx_word' id='word_1_154' title='bbox 561 1226 642 1252; x_wconf 89' lang='lat' dir='ltr'>non</span> <span class='ocrx_word' id='word_1_155' title='bbox 665 1213 813 1261; x_wconf 92' lang='lat' dir='ltr'>solum,</span> <span class='ocrx_word' id='word_1_156' title='bbox 836 1225 926 1253; x_wconf 92' lang='lat' dir='ltr'>cum</span> <span class='ocrx_word' id='word_1_157' title='bbox 949 1213 995 1252; x_wconf 88' lang='lat' dir='ltr'>ab</span> <span class='ocrx_word' id='word_1_158' title='bbox 1018 1213 1117 1252; x_wconf 86' lang='lat' dir='ltr'>urhe</span> <span class='ocrx_word' id='word_1_159' title='bbox 1139 1213 1312 1258; x_wconf 89' lang='lat' dir='ltr'>abesset,</span> <span class='ocrx_word' id='word_1_160' title='bbox 1336 1224 1553 1264; x_wconf 86' lang='lat' dir='ltr'>numquam</span> 
     </span>
    </p>
   </div>
   <div class='ocr_carea' id='block_1_11' title="bbox 111 1313 797 1585">
    <p class='ocr_par' dir='ltr' id='par_1_11' title="bbox 111 1313 797 1585">
     <span class='ocr_line' id='line_1_21' title="bbox 112 1313 797 1356; baseline 0 -10"><span class='ocrx_word' id='word_1_161' title='bbox 112 1313 213 1348; x_wconf 81' lang='lat' dir='ltr'>Tusc.</span> <span class='ocrx_word' id='word_1_162' title='bbox 225 1314 264 1347; x_wconf 72' lang='lat' dir='ltr'>V.</span> <span class='ocrx_word' id='word_1_163' title='bbox 281 1316 334 1355; x_wconf 81' lang='lat'>39,</span> <span class='ocrx_word' id='word_1_164' title='bbox 351 1316 410 1348; x_wconf 84' lang='lat'>113</span> <span class='ocrx_word' id='word_1_165' title='bbox 438 1314 534 1356; x_wconf 78' lang='lat' dir='ltr'>quod</span> <span class='ocrx_word' id='word_1_166' title='bbox 550 1314 717 1346; x_wconf 71' lang='lat' dir='ltr'>credibile</span> <span class='ocrx_word' id='word_1_167' title='bbox 734 1316 797 1346; x_wconf 54' lang='grc' dir='ltr'>υιζιτ</span> 
     </span>
     <span class='ocr_line' id='line_1_22' title="bbox 113 1359 797 1400; baseline -0.001 -8"><span class='ocrx_word' id='word_1_168' title='bbox 113 1364 208 1392; x_wconf 79' lang='lat' dir='ltr'>esset.</span> <span class='ocrx_word' id='word_1_169' title='bbox 235 1359 275 1393; x_wconf 94' lang='lat' dir='ltr'>de</span> <span class='ocrx_word' id='word_1_170' title='bbox 290 1363 357 1393; x_wconf 88' lang='lat' dir='ltr'>nat.</span> <span class='ocrx_word' id='word_1_171' title='bbox 370 1359 460 1392; x_wconf 88' lang='lat' dir='ltr'>deor.</span> <span class='ocrx_word' id='word_1_172' title='bbox 475 1359 525 1393; x_wconf 95' lang='lat' dir='ltr'>III.</span> <span class='ocrx_word' id='word_1_173' title='bbox 537 1361 638 1400; x_wconf 82' lang='lat'>24,61</span> <span class='ocrx_word' id='word_1_174' title='bbox 662 1360 701 1392; x_wconf 89' lang='lat' dir='ltr'>In</span> <span class='ocrx_word' id='word_1_175' title='bbox 717 1370 797 1392; x_wconf 83' lang='lat' dir='ltr'>eno-</span> 
     </span>
     <span class='ocr_line' id='line_1_23' title="bbox 112 1405 797 1447; baseline -0.003 -9"><span class='ocrx_word' id='word_1_176' title='bbox 112 1405 241 1439; x_wconf 79' lang='lat' dir='ltr'>dandis</span> <span class='ocrx_word' id='word_1_177' title='bbox 258 1409 375 1437; x_wconf 83' lang='lat' dir='ltr'>autem</span> <span class='ocrx_word' id='word_1_178' title='bbox 392 1406 606 1447; x_wconf 72' lang='lat' dir='ltr'>nomz&#39;nz‘bm,</span> <span class='ocrx_word' id='word_1_179' title='bbox 622 1406 717 1447; x_wconf 78' lang='lat' dir='ltr'>quod</span> <span class='ocrx_word' id='word_1_180' title='bbox 732 1408 797 1437; x_wconf 80' lang='lat' dir='ltr'>mi—</span> 
     </span>
     <span class='ocr_line' id='line_1_24' title="bbox 111 1450 796 1493; baseline 0.001 -10"><span class='ocrx_word' id='word_1_181' title='bbox 111 1451 303 1484; x_wconf 74' lang='lat' dir='ltr'>serandum</span> <span class='ocrx_word' id='word_1_182' title='bbox 323 1453 378 1493; x_wconf 77' lang='lat' dir='ltr'>sit,</span> <span class='ocrx_word' id='word_1_183' title='bbox 404 1451 589 1483; x_wconf 69' lang='lat' dir='ltr'>laboratis.</span> <span class='ocrx_word' id='word_1_184' title='bbox 616 1450 656 1483; x_wconf 91' lang='lat' dir='ltr'>de</span> <span class='ocrx_word' id='word_1_185' title='bbox 675 1455 759 1484; x_wconf 89' lang='lat' dir='ltr'>orat.</span> <span class='ocrx_word' id='word_1_186' title='bbox 774 1451 796 1484; x_wconf 91' lang='grc' dir='ltr'>Ι.</span> 
     </span>
     <span class='ocr_line' id='line_1_25' title="bbox 116 1496 797 1538; baseline -0.004 -7"><span class='ocrx_word' id='word_1_187' title='bbox 116 1499 166 1538; x_wconf 70' lang='grc'>10,</span> <span class='ocrx_word' id='word_1_188' title='bbox 181 1499 223 1530; x_wconf 91' lang='grc'>40</span> <span class='ocrx_word' id='word_1_189' title='bbox 249 1498 335 1529; x_wconf 76' lang='lat' dir='ltr'>haec</span> <span class='ocrx_word' id='word_1_190' title='bbox 352 1500 448 1529; x_wconf 78' lang='lat' dir='ltr'>aetas</span> <span class='ocrx_word' id='word_1_191' title='bbox 470 1499 605 1537; x_wconf 78' lang='lat' dir='ltr'>nostra,</span> <span class='ocrx_word' id='word_1_192' title='bbox 632 1496 728 1538; x_wconf 81' lang='lat' dir='ltr'>quod</span> <span class='ocrx_word' id='word_1_193' title='bbox 743 1499 797 1529; x_wconf 78' lang='lat' dir='ltr'>in-</span> 
     </span>
     <span class='ocr_line' id='line_1_26' title="bbox 113 1542 796 1585; baseline 0.001 -11"><span class='ocrx_word' id='word_1_194' title='bbox 113 1542 254 1575; x_wconf 78' lang='lat' dir='ltr'>terdum</span> <span class='ocrx_word' id='word_1_195' title='bbox 276 1542 427 1585; x_wconf 76' lang='lat' dir='ltr'>pudeat,</span> <span class='ocrx_word' id='word_1_196' title='bbox 464 1544 555 1574; x_wconf 75' lang='lat' dir='ltr'>iuris</span> <span class='ocrx_word' id='word_1_197' title='bbox 580 1544 711 1584; x_wconf 60' lang='lat' dir='ltr'>Ignara</span> <span class='ocrx_word' id='word_1_198' title='bbox 737 1545 796 1575; x_wconf 86' lang='lat' dir='ltr'>est.</span> 
     </span>
    </p>
   </div>
   <div class='ocr_carea' id='block_1_12' title="bbox 111 1586 794 1676">
    <p class='ocr_par' dir='ltr' id='par_1_12' title="bbox 111 1586 794 1676">
     <span class='ocr_line' id='line_1_27' title="bbox 111 1586 794 1631; baseline 0 -10"><span class='ocrx_word' id='word_1_199' title='bbox 111 1587 238 1630; x_wconf 72' lang='lat' dir='ltr'>Drager</span> <span class='ocrx_word' id='word_1_200' title='bbox 250 1587 288 1621; x_wconf 90' lang='lat' dir='ltr'>H.</span> <span class='ocrx_word' id='word_1_201' title='bbox 303 1587 381 1621; x_wconf 88' lang='lat' dir='ltr'>S.11.</span> <span class='ocrx_word' id='word_1_202' title='bbox 393 1589 470 1621; x_wconf 71' lang='lat'>487.</span> <span class='ocrx_word' id='word_1_203' title='bbox 497 1586 531 1622; x_wconf 91' lang='lat' dir='ltr'>S.</span> <span class='ocrx_word' id='word_1_204' title='bbox 543 1587 667 1631; x_wconf 87' lang='lat' dir='ltr'>Zumpt</span> <span class='ocrx_word' id='word_1_205' title='bbox 683 1588 702 1630; x_wconf 68' lang='grc' dir='ltr'>ξ</span> <span class='ocrx_word' id='word_1_206' title='bbox 719 1589 794 1621; x_wconf 79' lang='grc'>527.</span> 
     </span>
     <span class='ocr_line' id='line_1_28' title="bbox 112 1632 431 1676; baseline -0.003 -10"><span class='ocrx_word' id='word_1_207' title='bbox 112 1632 250 1676; x_wconf 83' lang='lat' dir='ltr'>Madvig</span> <span class='ocrx_word' id='word_1_208' title='bbox 276 1632 296 1676; x_wconf 64' lang='grc' dir='ltr'>ξ</span> <span class='ocrx_word' id='word_1_209' title='bbox 323 1635 388 1666; x_wconf 86' lang='lat'>350</span> <span class='ocrx_word' id='word_1_210' title='bbox 399 1633 431 1665; x_wconf 91' lang='lat' dir='ltr'>b.</span> 
     </span>
    </p>
   </div>
   <div class='ocr_carea' id='block_1_13' title="bbox 113 1695 798 1829">
    <p class='ocr_par' dir='ltr' id='par_1_13' title="bbox 113 1695 798 1829">
     <span class='ocr_line' id='line_1_29' title="bbox 160 1695 798 1729; baseline 0.002 -1"><span class='ocrx_word' id='word_1_211' title='bbox 160 1696 202 1729; x_wconf 84' lang='lat' dir='ltr'>de</span> <span class='ocrx_word' id='word_1_212' title='bbox 218 1695 405 1728; x_wconf 73' lang='lat' dir='ltr'>consulatu</span> <span class='ocrx_word' id='word_1_213' title='bbox 420 1695 611 1728; x_wconf 74' lang='lat' dir='ltr'>Ciceronis.</span> <span class='ocrx_word' id='word_1_214' title='bbox 645 1695 688 1728; x_wconf 87' lang='lat' dir='ltr'>Es</span> <span class='ocrx_word' id='word_1_215' title='bbox 703 1696 798 1729; x_wconf 84' lang='lat' dir='ltr'>ward</span> 
     </span>
     <span class='ocr_line' id='line_1_30' title="bbox 113 1740 796 1783; baseline -0.001 -8"><span class='ocrx_word' id='word_1_216' title='bbox 113 1752 142 1775; x_wconf 90' lang='lat' dir='ltr'>a.</span> <span class='ocrx_word' id='word_1_217' title='bbox 157 1752 188 1775; x_wconf 89' lang='lat' dir='ltr'>u.</span> <span class='ocrx_word' id='word_1_218' title='bbox 205 1742 283 1783; x_wconf 84' lang='grc'><strong>694,</strong></span> <span class='ocrx_word' id='word_1_219' title='bbox 308 1752 340 1776; x_wconf 83' lang='lat' dir='ltr'>v,</span> <span class='ocrx_word' id='word_1_220' title='bbox 358 1741 432 1774; x_wconf 90' lang='lat' dir='ltr'>Chr.</span> <span class='ocrx_word' id='word_1_221' title='bbox 447 1743 489 1775; x_wconf 82' lang='lat'>60</span> <span class='ocrx_word' id='word_1_222' title='bbox 515 1740 796 1783; x_wconf 84' lang='lat' dir='ltr'>herausgegeben</span> 
     </span>
     <span class='ocr_line' id='line_1_31' title="bbox 113 1786 491 1829; baseline -0.003 -9"><span class='ocrx_word' id='word_1_223' title='bbox 113 1786 193 1828; x_wconf 80' lang='lat' dir='ltr'>(Cic.</span> <span class='ocrx_word' id='word_1_224' title='bbox 207 1786 250 1820; x_wconf 89' lang='lat' dir='ltr'>ad</span> <span class='ocrx_word' id='word_1_225' title='bbox 264 1787 335 1820; x_wconf 85' lang='lat' dir='ltr'>Att.</span> <span class='ocrx_word' id='word_1_226' title='bbox 350 1786 385 1819; x_wconf 91' lang='lat'>11.</span> <span class='ocrx_word' id='word_1_227' title='bbox 403 1789 432 1829; x_wconf 88' lang='lat'>1,</span> <span class='ocrx_word' id='word_1_228' title='bbox 450 1788 491 1827; x_wconf 84' lang='lat'>1).</span> 
     </span>
    </p>
   </div>
   <div class='ocr_carea' id='block_1_14' title="bbox 112 1848 801 2202">
    <p class='ocr_par' dir='ltr' id='par_1_14' title="bbox 112 1848 801 2202">
     <span class='ocr_line' id='line_1_32' title="bbox 159 1848 799 1884; baseline -0.002 -2"><span class='ocrx_word' id='word_1_229' title='bbox 159 1848 215 1884; x_wconf 81' lang='lat'>19.</span> <span class='ocrx_word' id='word_1_230' title='bbox 245 1851 273 1883; x_wconf 90' lang='lat'>1.</span> <span class='ocrx_word' id='word_1_231' title='bbox 307 1849 484 1881; x_wconf 78' lang='lat' dir='ltr'>Hactenus</span> <span class='ocrx_word' id='word_1_232' title='bbox 507 1849 601 1881; x_wconf 73' lang='lat' dir='ltr'>edita</span> <span class='ocrx_word' id='word_1_233' title='bbox 625 1851 710 1881; x_wconf 79' lang='lat' dir='ltr'>sunt</span> <span class='ocrx_word' id='word_1_234' title='bbox 742 1849 799 1882; x_wconf 89' lang='lat' dir='ltr'>ab·</span> 
     </span>
     <span class='ocr_line' id='line_1_33' title="bbox 113 1891 799 1928; baseline -0.001 0"><span class='ocrx_word' id='word_1_235' title='bbox 113 1895 205 1928; x_wconf 87' lang='lat' dir='ltr'>solut</span> <span class='ocrx_word' id='word_1_236' title='bbox 232 1895 297 1927; x_wconf 91' lang='lat' dir='ltr'>wie</span> <span class='ocrx_word' id='word_1_237' title='bbox 322 1904 424 1928; x_wconf 85' lang='lat' dir='ltr'>unser</span> <span class='ocrx_word' id='word_1_238' title='bbox 449 1891 528 1927; x_wconf 88' lang='lat' dir='ltr'>‘Bis</span> <span class='ocrx_word' id='word_1_239' title='bbox 554 1894 687 1927; x_wconf 87' lang='lat' dir='ltr'>hierher</span> <span class='ocrx_word' id='word_1_240' title='bbox 713 1894 799 1927; x_wconf 85' lang='lat' dir='ltr'>habe</span> 
     </span>
     <span class='ocr_line' id='line_1_34' title="bbox 112 1936 800 1983; baseline -0.001 -10"><span class='ocrx_word' id='word_1_241' title='bbox 112 1941 168 1974; x_wconf 89' lang='lat' dir='ltr'>ich</span> <span class='ocrx_word' id='word_1_242' title='bbox 192 1936 495 1983; x_wconf 85' lang='lat' dir='ltr'>herausgegeben&#39;.</span> <span class='ocrx_word' id='word_1_243' title='bbox 524 1940 619 1972; x_wconf 85' lang='lat' dir='ltr'>Haec</span> <span class='ocrx_word' id='word_1_244' title='bbox 643 1940 677 1972; x_wconf 90' lang='lat' dir='ltr'>in</span> <span class='ocrx_word' id='word_1_245' title='bbox 702 1939 731 1972; x_wconf 91' lang='lat' dir='ltr'>R</span> <span class='ocrx_word' id='word_1_246' title='bbox 755 1940 800 1973; x_wconf 87' lang='lat' dir='ltr'>ist</span> 
     </span>
     <span class='ocr_line' id='line_1_35' title="bbox 114 1985 800 2019; baseline -0.001 0"><span class='ocrx_word' id='word_1_247' title='bbox 114 1985 331 2019; x_wconf 72' lang='lat' dir='ltr'>erklarender</span> <span class='ocrx_word' id='word_1_248' title='bbox 354 1986 476 2019; x_wconf 88' lang='lat' dir='ltr'>Zusatz</span> <span class='ocrx_word' id='word_1_249' title='bbox 503 1985 572 2019; x_wconf 88' lang='lat' dir='ltr'>und</span> <span class='ocrx_word' id='word_1_250' title='bbox 597 1985 714 2018; x_wconf 78' lang='lat' dir='ltr'>wiirde</span> <span class='ocrx_word' id='word_1_251' title='bbox 738 1985 800 2018; x_wconf 88' lang='lat' dir='ltr'>mit</span> 
     </span>
     <span class='ocr_line' id='line_1_36' title="bbox 115 2031 801 2065; baseline 0 -1"><span class='ocrx_word' id='word_1_252' title='bbox 115 2033 284 2065; x_wconf 77' lang='lat' dir='ltr'>hactenus</span> <span class='ocrx_word' id='word_1_253' title='bbox 308 2031 406 2064; x_wconf 89' lang='lat' dir='ltr'>einen</span> <span class='ocrx_word' id='word_1_254' title='bbox 433 2031 616 2064; x_wconf 70' lang='lat' dir='ltr'>sterenden</span> <span class='ocrx_word' id='word_1_255' title='bbox 638 2031 801 2064; x_wconf 88' lang='lat' dir='ltr'>Pleonas-</span> 
     </span>
     <span class='ocr_line' id='line_1_37' title="bbox 114 2076 800 2119; baseline -0.001 -9"><span class='ocrx_word' id='word_1_256' title='bbox 114 2087 190 2111; x_wconf 89' lang='lat' dir='ltr'>mus</span> <span class='ocrx_word' id='word_1_257' title='bbox 215 2077 352 2119; x_wconf 88' lang='lat' dir='ltr'>hilden,</span> <span class='ocrx_word' id='word_1_258' title='bbox 384 2076 425 2110; x_wconf 88' lang='lat' dir='ltr'>da</span> <span class='ocrx_word' id='word_1_259' title='bbox 452 2087 488 2110; x_wconf 89' lang='lat' dir='ltr'>es</span> <span class='ocrx_word' id='word_1_260' title='bbox 514 2077 599 2110; x_wconf 86' lang='lat' dir='ltr'>eben</span> <span class='ocrx_word' id='word_1_261' title='bbox 627 2077 713 2110; x_wconf 89' lang='lat' dir='ltr'>auch</span> <span class='ocrx_word' id='word_1_262' title='bbox 739 2087 800 2110; x_wconf 88' lang='lat' dir='ltr'>nur</span> 
     </span>
     <span class='ocr_line' id='line_1_38' title="bbox 115 2122 801 2166; baseline 0 -11"><span class='ocrx_word' id='word_1_263' title='bbox 115 2122 169 2156; x_wconf 91' lang='lat' dir='ltr'>die</span> <span class='ocrx_word' id='word_1_264' title='bbox 201 2126 313 2156; x_wconf 86' lang='lat' dir='ltr'>ersten</span> <span class='ocrx_word' id='word_1_265' title='bbox 351 2124 390 2155; x_wconf 87' lang='grc'>18</span> <span class='ocrx_word' id='word_1_266' title='bbox 426 2122 558 2166; x_wconf 88' lang='lat' dir='ltr'>Capitel</span> <span class='ocrx_word' id='word_1_267' title='bbox 591 2122 801 2155; x_wconf 87' lang='lat' dir='ltr'>bezeichnen</span> 
     </span>
     <span class='ocr_line' id='line_1_39' title="bbox 115 2168 244 2202; baseline 0.016 -2"><span class='ocrx_word' id='word_1_268' title='bbox 115 2168 244 2202; x_wconf 75' lang='lat' dir='ltr'>wiirde.</span> 
     </span>
    </p>
   </div>
   <div class='ocr_carea' id='block_1_15' title="bbox 114 2223 802 2540">
    <p class='ocr_par' dir='ltr' id='par_1_15' title="bbox 114 2223 802 2540">
     <span class='ocr_line' id='line_1_40' title="bbox 162 2223 801 2266; baseline -0.002 -9"><span class='ocrx_word' id='word_1_269' title='bbox 162 2226 192 2258; x_wconf 82' lang='grc'>2.</span> <span class='ocrx_word' id='word_1_270' title='bbox 217 2223 283 2257; x_wconf 89' lang='lat' dir='ltr'>Der</span> <span class='ocrx_word' id='word_1_271' title='bbox 305 2226 512 2266; x_wconf 76' lang='lat' dir='ltr'>imperator,</span> <span class='ocrx_word' id='word_1_272' title='bbox 538 2225 612 2257; x_wconf 76' lang='lat' dir='ltr'>divi</span> <span class='ocrx_word' id='word_1_273' title='bbox 633 2224 732 2265; x_wconf 77' lang='lat' dir='ltr'>filius</span> <span class='ocrx_word' id='word_1_274' title='bbox 756 2225 801 2257; x_wconf 82' lang='lat' dir='ltr'>ist</span> 
     </span>
     <span class='ocr_line' id='line_1_41' title="bbox 116 2268 802 2313; baseline -0.003 -9"><span class='ocrx_word' id='word_1_275' title='bbox 116 2269 292 2304; x_wconf 79' lang='lat' dir='ltr'>Octavian.</span> <span class='ocrx_word' id='word_1_276' title='bbox 320 2268 400 2302; x_wconf 89' lang='lat' dir='ltr'>Sein</span> <span class='ocrx_word' id='word_1_277' title='bbox 417 2269 668 2313; x_wconf 81' lang='lat' dir='ltr'>Adoptivvater</span> <span class='ocrx_word' id='word_1_278' title='bbox 692 2269 726 2303; x_wconf 93' lang='lat' dir='ltr'>C.</span> <span class='ocrx_word' id='word_1_279' title='bbox 741 2268 802 2302; x_wconf 90' lang='lat' dir='ltr'>Ju-</span> 
     </span>
     <span class='ocr_line' id='line_1_42' title="bbox 114 2314 802 2349; baseline -0.001 -1"><span class='ocrx_word' id='word_1_280' title='bbox 114 2316 180 2349; x_wconf 89' lang='lat' dir='ltr'>lius</span> <span class='ocrx_word' id='word_1_281' title='bbox 199 2315 301 2348; x_wconf 73' lang='lat' dir='ltr'>Casar</span> <span class='ocrx_word' id='word_1_282' title='bbox 317 2314 447 2348; x_wconf 88' lang='lat' dir='ltr'>konnte</span> <span class='ocrx_word' id='word_1_283' title='bbox 465 2315 594 2348; x_wconf 84' lang='lat' dir='ltr'>damals</span> <span class='ocrx_word' id='word_1_284' title='bbox 620 2315 709 2349; x_wconf 90' lang='lat' dir='ltr'>ohne</span> <span class='ocrx_word' id='word_1_285' title='bbox 726 2314 802 2347; x_wconf 89' lang='lat' dir='ltr'>Bei-</span> 
     </span>
     <span class='ocr_line' id='line_1_43' title="bbox 115 2360 801 2404; baseline -0.003 -9"><span class='ocrx_word' id='word_1_286' title='bbox 115 2361 247 2404; x_wconf 77' lang='lat' dir='ltr'>siigung</span> <span class='ocrx_word' id='word_1_287' title='bbox 281 2360 340 2393; x_wconf 89' lang='lat' dir='ltr'>des</span> <span class='ocrx_word' id='word_1_288' title='bbox 374 2360 523 2394; x_wconf 88' lang='lat' dir='ltr'>Namens</span> <span class='ocrx_word' id='word_1_289' title='bbox 560 2360 664 2394; x_wconf 90' lang='lat' dir='ltr'>durch</span> <span class='ocrx_word' id='word_1_290' title='bbox 699 2361 801 2393; x_wconf 70' lang='lat' dir='ltr'>divus</span> 
     </span>
     <span class='ocr_line' id='line_1_44' title="bbox 114 2405 800 2448; baseline -0.001 -8"><span class='ocrx_word' id='word_1_291' title='bbox 114 2407 318 2440; x_wconf 86' lang='lat' dir='ltr'>bezeichnet</span> <span class='ocrx_word' id='word_1_292' title='bbox 336 2406 485 2448; x_wconf 89' lang='lat' dir='ltr'>werden,</span> <span class='ocrx_word' id='word_1_293' title='bbox 503 2406 583 2439; x_wconf 90' lang='lat' dir='ltr'>weil</span> <span class='ocrx_word' id='word_1_294' title='bbox 601 2416 637 2439; x_wconf 87' lang='lat' dir='ltr'>er</span> <span class='ocrx_word' id='word_1_295' title='bbox 653 2405 712 2439; x_wconf 87' lang='lat' dir='ltr'>der</span> <span class='ocrx_word' id='word_1_296' title='bbox 729 2406 800 2439; x_wconf 91' lang='lat' dir='ltr'>ein-</span> 
     </span>
     <span class='ocr_line' id='line_1_45' title="bbox 116 2451 799 2496; baseline 0 -11"><span class='ocrx_word' id='word_1_297' title='bbox 116 2453 191 2496; x_wconf 85' lang='lat' dir='ltr'>zige</span> <span class='ocrx_word' id='word_1_298' title='bbox 214 2453 316 2485; x_wconf 78' lang='lat' dir='ltr'>divus</span> <span class='ocrx_word' id='word_1_299' title='bbox 331 2462 412 2486; x_wconf 84' lang='lat' dir='ltr'>war.</span> <span class='ocrx_word' id='word_1_300' title='bbox 437 2451 509 2485; x_wconf 91' lang='lat' dir='ltr'>Den</span> <span class='ocrx_word' id='word_1_301' title='bbox 523 2451 799 2486; x_wconf 71' lang='lat' dir='ltr'>fortwahrenden</span> 
     </span>
     <span class='ocr_line' id='line_1_46' title="bbox 115 2497 800 2540; baseline -0.001 -9"><span class='ocrx_word' id='word_1_302' title='bbox 115 2498 185 2531; x_wconf 89' lang='lat' dir='ltr'>und</span> <span class='ocrx_word' id='word_1_303' title='bbox 209 2498 285 2531; x_wconf 90' lang='lat' dir='ltr'>dem</span> <span class='ocrx_word' id='word_1_304' title='bbox 311 2497 440 2531; x_wconf 88' lang='lat' dir='ltr'>Namen</span> <span class='ocrx_word' id='word_1_305' title='bbox 473 2500 712 2540; x_wconf 81' lang='lat' dir='ltr'>vorgesetzten</span> <span class='ocrx_word' id='word_1_306' title='bbox 737 2497 800 2530; x_wconf 91' lang='lat' dir='ltr'>Im-</span> 
     </span>
    </p>
   </div>
   <div class='ocr_carea' id='block_1_16' title="bbox 116 2542 797 2632">
    <p class='ocr_par' dir='ltr' id='par_1_16' title="bbox 116 2542 797 2632">
     <span class='ocr_line' id='line_1_47' title="bbox 116 2542 797 2586; baseline -0.001 -9"><span class='ocrx_word' id='word_1_307' title='bbox 116 2543 373 2586; x_wconf 85' lang='lat' dir='ltr'>peratorentitel</span> <span class='ocrx_word' id='word_1_308' title='bbox 399 2543 520 2577; x_wconf 89' lang='lat' dir='ltr'>erhielt</span> <span class='ocrx_word' id='word_1_309' title='bbox 539 2542 704 2576; x_wconf 80' lang='lat' dir='ltr'>Octavian</span> <span class='ocrx_word' id='word_1_310' title='bbox 722 2553 750 2577; x_wconf 89' lang='lat' dir='ltr'>a.</span> <span class='ocrx_word' id='word_1_311' title='bbox 766 2554 797 2576; x_wconf 92' lang='lat' dir='ltr'>u.</span> 
     </span>
     <span class='ocr_line' id='line_1_48' title="bbox 117 2589 408 2632; baseline 0.007 -11"><span class='ocrx_word' id='word_1_312' title='bbox 117 2590 193 2632; x_wconf 82' lang='lat'>725,</span> <span class='ocrx_word' id='word_1_313' title='bbox 217 2600 249 2624; x_wconf 80' lang='lat' dir='ltr'>v.</span> <span class='ocrx_word' id='word_1_314' title='bbox 266 2589 339 2623; x_wconf 90' lang='lat' dir='ltr'>Chr.</span> <span class='ocrx_word' id='word_1_315' title='bbox 356 2591 408 2623; x_wconf 89' lang='grc'>29.</span> 
     </span>
    </p>
   </div>
   <div class='ocr_carea' id='block_1_17' title="bbox 865 1312 1559 2630">
    <p class='ocr_par' dir='ltr' id='par_1_17' title="bbox 866 1312 1555 1392">
     <span class='ocr_line' id='line_1_49' title="bbox 913 1312 1555 1355; baseline 0 -10"><span class='ocrx_word' id='word_1_316' title='bbox 913 1314 1143 1355; x_wconf 69' lang='lat' dir='ltr'>dignitate—</span> <span class='ocrx_word' id='word_1_317' title='bbox 1157 1313 1366 1345; x_wconf 73' lang='lat' dir='ltr'>humiliores</span> <span class='ocrx_word' id='word_1_318' title='bbox 1385 1313 1434 1345; x_wconf 85' lang='lat' dir='ltr'>als</span> <span class='ocrx_word' id='word_1_319' title='bbox 1455 1312 1555 1346; x_wconf 91' lang='lat' dir='ltr'>Octa-</span> 
     </span>
     <span class='ocr_line' id='line_1_50' title="bbox 866 1369 956 1392; baseline 0.022 -2"><span class='ocrx_word' id='word_1_320' title='bbox 866 1369 956 1392; x_wconf 78' lang='lat' dir='ltr'>vian.</span> 
     </span>
    </p>

    <p class='ocr_par' dir='ltr' id='par_1_18' title="bbox 867 1404 1554 1582">
     <span class='ocr_line' id='line_1_51' title="bbox 914 1404 1554 1446; baseline -0.003 -8"><span class='ocrx_word' id='word_1_321' title='bbox 914 1406 944 1438; x_wconf 87' lang='lat'>3.</span> <span class='ocrx_word' id='word_1_322' title='bbox 975 1404 1089 1437; x_wconf 80' lang='lat' dir='ltr'>Tanta</span> <span class='ocrx_word' id='word_1_323' title='bbox 1113 1406 1336 1446; x_wconf 74' lang='lat' dir='ltr'>prosperitas</span> <span class='ocrx_word' id='word_1_324' title='bbox 1353 1404 1554 1437; x_wconf 87' lang='lat' dir='ltr'>bezeichnet</span> 
     </span>
     <span class='ocr_line' id='line_1_52' title="bbox 867 1448 1552 1482; baseline 0 0"><span class='ocrx_word' id='word_1_325' title='bbox 867 1449 921 1482; x_wconf 88' lang='lat' dir='ltr'>die</span> <span class='ocrx_word' id='word_1_326' title='bbox 954 1449 1258 1482; x_wconf 73' lang='lat' dir='ltr'>Alleinherrsehast</span> <span class='ocrx_word' id='word_1_327' title='bbox 1293 1449 1352 1482; x_wconf 88' lang='lat' dir='ltr'>des</span> <span class='ocrx_word' id='word_1_328' title='bbox 1377 1448 1552 1482; x_wconf 74' lang='lat' dir='ltr'>Octavian</span> 
     </span>
     <span class='ocr_line' id='line_1_53' title="bbox 867 1494 1553 1538; baseline -0.001 -10"><span class='ocrx_word' id='word_1_329' title='bbox 867 1495 954 1528; x_wconf 87' lang='lat' dir='ltr'>nach</span> <span class='ocrx_word' id='word_1_330' title='bbox 979 1495 1038 1528; x_wconf 92' lang='lat' dir='ltr'>der</span> <span class='ocrx_word' id='word_1_331' title='bbox 1055 1494 1250 1538; x_wconf 82' lang='lat' dir='ltr'>Besiegung</span> <span class='ocrx_word' id='word_1_332' title='bbox 1274 1495 1342 1528; x_wconf 88' lang='lat' dir='ltr'>und</span> <span class='ocrx_word' id='word_1_333' title='bbox 1364 1495 1438 1528; x_wconf 89' lang='lat' dir='ltr'>dem</span> <span class='ocrx_word' id='word_1_334' title='bbox 1458 1494 1553 1528; x_wconf 85' lang='lat' dir='ltr'>Tode</span> 
     </span>
     <span class='ocr_line' id='line_1_54' title="bbox 868 1540 1552 1582; baseline 0.001 -9"><span class='ocrx_word' id='word_1_335' title='bbox 868 1540 927 1574; x_wconf 90' lang='lat' dir='ltr'>des</span> <span class='ocrx_word' id='word_1_336' title='bbox 951 1541 1122 1574; x_wconf 83' lang='lat' dir='ltr'>Antonius</span> <span class='ocrx_word' id='word_1_337' title='bbox 1148 1551 1177 1574; x_wconf 92' lang='lat' dir='ltr'>a.</span> <span class='ocrx_word' id='word_1_338' title='bbox 1196 1551 1227 1573; x_wconf 92' lang='lat' dir='ltr'>u.</span> <span class='ocrx_word' id='word_1_339' title='bbox 1249 1542 1325 1582; x_wconf 73' lang='lat'>724,</span> <span class='ocrx_word' id='word_1_340' title='bbox 1350 1551 1382 1574; x_wconf 77' lang='lat' dir='ltr'>v,</span> <span class='ocrx_word' id='word_1_341' title='bbox 1403 1541 1476 1573; x_wconf 91' lang='lat' dir='ltr'>Chr.</span> <span class='ocrx_word' id='word_1_342' title='bbox 1496 1542 1552 1574; x_wconf 88' lang='lat'>30.</span> 
     </span>
    </p>

    <p class='ocr_par' dir='ltr' id='par_1_19' title="bbox 868 1586 1556 1857">
     <span class='ocr_line' id='line_1_55' title="bbox 914 1586 1556 1629; baseline -0.002 -11"><span class='ocrx_word' id='word_1_343' title='bbox 914 1587 1085 1619; x_wconf 74' lang='lat' dir='ltr'>detulerit</span> <span class='ocrx_word' id='word_1_344' title='bbox 1107 1586 1193 1619; x_wconf 76' lang='lat' dir='ltr'>lasst</span> <span class='ocrx_word' id='word_1_345' title='bbox 1218 1586 1291 1619; x_wconf 88' lang='lat' dir='ltr'>sich</span> <span class='ocrx_word' id='word_1_346' title='bbox 1309 1586 1419 1619; x_wconf 85' lang='lat' dir='ltr'>neben</span> <span class='ocrx_word' id='word_1_347' title='bbox 1439 1588 1556 1629; x_wconf 74' lang='lat' dir='ltr'>quivit</span> 
     </span>
     <span class='ocr_line' id='line_1_56' title="bbox 868 1631 1555 1674; baseline -0.001 -9"><span class='ocrx_word' id='word_1_348' title='bbox 868 1643 889 1664; x_wconf 86' lang='lat' dir='ltr'>v</span> <span class='ocrx_word' id='word_1_349' title='bbox 892 1632 1043 1665; x_wconf 87' lang='lat' dir='ltr'>ielleicht</span> <span class='ocrx_word' id='word_1_350' title='bbox 1057 1631 1172 1665; x_wconf 87' lang='lat' dir='ltr'>halten</span> <span class='ocrx_word' id='word_1_351' title='bbox 1184 1631 1246 1664; x_wconf 85' lang='lat' dir='ltr'>dui</span> <span class='ocrx_word' id='word_1_352' title='bbox 1249 1632 1289 1664; x_wconf 88' lang='lat' dir='ltr'>ch</span> <span class='ocrx_word' id='word_1_353' title='bbox 1300 1631 1329 1662; x_wconf 87' lang='lat' dir='ltr'>V</span> <span class='ocrx_word' id='word_1_354' title='bbox 1332 1632 1555 1674; x_wconf 84' lang='lat' dir='ltr'>ergleichung</span> 
     </span>
     <span class='ocr_line' id='line_1_57' title="bbox 868 1676 1554 1722; baseline 0 -12"><span class='ocrx_word' id='word_1_355' title='bbox 868 1678 929 1710; x_wconf 87' lang='lat' dir='ltr'>mit</span> <span class='ocrx_word' id='word_1_356' title='bbox 954 1678 1032 1722; x_wconf 59' lang='lat' dir='ltr'>Lxs.</span> <span class='ocrx_word' id='word_1_357' title='bbox 1054 1680 1082 1720; x_wconf 92' lang='lat'>1,</span> <span class='ocrx_word' id='word_1_358' title='bbox 1102 1680 1131 1711; x_wconf 89' lang='lat'>5.</span> <span class='ocrx_word' id='word_1_359' title='bbox 1157 1688 1188 1710; x_wconf 93' lang='lat' dir='ltr'>u</span> <span class='ocrx_word' id='word_1_360' title='bbox 1208 1677 1303 1710; x_wconf 87' lang='lat' dir='ltr'>Eum.</span> <span class='ocrx_word' id='word_1_361' title='bbox 1328 1679 1426 1718; x_wconf 87' lang='grc'><strong>11,2.</strong></span> <span class='ocrx_word' id='word_1_362' title='bbox 1462 1676 1554 1710; x_wconf 85' lang='lat' dir='ltr'>Statt</span> 
     </span>
     <span class='ocr_line' id='line_1_58' title="bbox 869 1716 1556 1767; baseline -0.001 -11"><span class='ocrx_word' id='word_1_363' title='bbox 869 1723 929 1756; x_wconf 88' lang='lat' dir='ltr'>des</span> <span class='ocrx_word' id='word_1_364' title='bbox 939 1716 1276 1767; x_wconf 87' lang='lat' dir='ltr'>Plusquamperfects</span> <span class='ocrx_word' id='word_1_365' title='bbox 1300 1723 1391 1756; x_wconf 88' lang='lat' dir='ltr'>steht</span> <span class='ocrx_word' id='word_1_366' title='bbox 1405 1723 1464 1756; x_wconf 85' lang='lat' dir='ltr'>das</span> <span class='ocrx_word' id='word_1_367' title='bbox 1477 1722 1556 1755; x_wconf 93' lang='lat' dir='ltr'>Per-</span> 
     </span>
     <span class='ocr_line' id='line_1_59' title="bbox 869 1768 1554 1801; baseline 0 0"><span class='ocrx_word' id='word_1_368' title='bbox 869 1768 937 1801; x_wconf 83' lang='lat' dir='ltr'>fect</span> <span class='ocrx_word' id='word_1_369' title='bbox 961 1769 1024 1801; x_wconf 90' lang='lat' dir='ltr'>mit</span> <span class='ocrx_word' id='word_1_370' title='bbox 1049 1772 1132 1801; x_wconf 80' lang='lat' dir='ltr'>ante</span> <span class='ocrx_word' id='word_1_371' title='bbox 1156 1769 1267 1801; x_wconf 90' lang='lat' dir='ltr'>neben</span> <span class='ocrx_word' id='word_1_372' title='bbox 1295 1770 1466 1801; x_wconf 73' lang='lat' dir='ltr'>tri&#39;buerzt</span> <span class='ocrx_word' id='word_1_373' title='bbox 1489 1768 1554 1801; x_wconf 89' lang='lat' dir='ltr'>wie</span> 
     </span>
     <span class='ocr_line' id='line_1_60' title="bbox 868 1813 1555 1857; baseline 0 -11"><span class='ocrx_word' id='word_1_374' title='bbox 868 1813 938 1857; x_wconf 88' lang='lat' dir='ltr'>lph.</span> <span class='ocrx_word' id='word_1_375' title='bbox 959 1816 987 1856; x_wconf 91' lang='lat'>1,</span> <span class='ocrx_word' id='word_1_376' title='bbox 1002 1815 1020 1846; x_wconf 92' lang='lat'><strong>3</strong></span> <span class='ocrx_word' id='word_1_377' title='bbox 1042 1825 1075 1847; x_wconf 90' lang='lat' dir='ltr'>u.</span> <span class='ocrx_word' id='word_1_378' title='bbox 1097 1813 1191 1847; x_wconf 88' lang='lat' dir='ltr'>Ham.</span> <span class='ocrx_word' id='word_1_379' title='bbox 1210 1815 1238 1850; x_wconf 89' lang='grc'><strong>1,</strong></span> <span class='ocrx_word' id='word_1_380' title='bbox 1253 1815 1272 1846; x_wconf 91' lang='grc'>2</span> <span class='ocrx_word' id='word_1_381' title='bbox 1291 1814 1350 1847; x_wconf 87' lang='lat' dir='ltr'>das</span> <span class='ocrx_word' id='word_1_382' title='bbox 1365 1813 1555 1857; x_wconf 87' lang='lat' dir='ltr'>Imperfect.</span> 
     </span>
    </p>

    <p class='ocr_par' dir='ltr' id='par_1_20' title="bbox 870 1858 1558 2166">
     <span class='ocr_line' id='line_1_61' title="bbox 917 1858 1557 1902; baseline -0.002 -10"><span class='ocrx_word' id='word_1_383' title='bbox 917 1862 948 1893; x_wconf 83' lang='lat'>4.</span> <span class='ocrx_word' id='word_1_384' title='bbox 979 1859 1029 1892; x_wconf 83' lang='lat' dir='ltr'>Ti.</span> <span class='ocrx_word' id='word_1_385' title='bbox 1046 1859 1215 1892; x_wconf 75' lang='lat' dir='ltr'>Claudius</span> <span class='ocrx_word' id='word_1_386' title='bbox 1232 1858 1328 1891; x_wconf 83' lang='lat' dir='ltr'>Nero</span> <span class='ocrx_word' id='word_1_387' title='bbox 1346 1859 1391 1892; x_wconf 85' lang='lat' dir='ltr'>ist</span> <span class='ocrx_word' id='word_1_388' title='bbox 1409 1859 1467 1892; x_wconf 87' lang='lat' dir='ltr'>der</span> <span class='ocrx_word' id='word_1_389' title='bbox 1480 1860 1557 1902; x_wconf 67' lang='lat' dir='ltr'>spa-</span> 
     </span>
     <span class='ocr_line' id='line_1_62' title="bbox 872 1903 1558 1938; baseline 0 -1"><span class='ocrx_word' id='word_1_390' title='bbox 872 1908 942 1938; x_wconf 84' lang='lat' dir='ltr'>tere</span> <span class='ocrx_word' id='word_1_391' title='bbox 960 1904 1079 1938; x_wconf 90' lang='lat' dir='ltr'>Kaiser</span> <span class='ocrx_word' id='word_1_392' title='bbox 1100 1904 1270 1937; x_wconf 40' lang='lat' dir='ltr'>Tissbereus</span> <span class='ocrx_word' id='word_1_393' title='bbox 1309 1903 1409 1937; x_wconf 90' lang='lat' dir='ltr'>Seine</span> <span class='ocrx_word' id='word_1_394' title='bbox 1430 1903 1558 1937; x_wconf 87' lang='lat' dir='ltr'>Mutter</span> 
     </span>
     <span class='ocr_line' id='line_1_63' title="bbox 870 1949 1557 1992; baseline 0 -10"><span class='ocrx_word' id='word_1_395' title='bbox 870 1950 1045 1986; x_wconf 28' lang='lat' dir='ltr'>Draecszsslla</span> <span class='ocrx_word' id='word_1_396' title='bbox 1070 1950 1131 1982; x_wconf 89' lang='lat' dir='ltr'>mit</span> <span class='ocrx_word' id='word_1_397' title='bbox 1148 1949 1411 1992; x_wconf 80' lang='lat' dir='ltr'>vollstandigem</span> <span class='ocrx_word' id='word_1_398' title='bbox 1425 1949 1557 1983; x_wconf 86' lang='lat' dir='ltr'>Namen</span> 
     </span>
     <span class='ocr_line' id='line_1_64' title="bbox 871 1995 1556 2037; baseline 0 -9"><span class='ocrx_word' id='word_1_399' title='bbox 871 1996 973 2029; x_wconf 75' lang='lat' dir='ltr'>Livia</span> <span class='ocrx_word' id='word_1_400' title='bbox 996 1996 1170 2037; x_wconf 71' lang='lat' dir='ltr'>Drusilla,</span> <span class='ocrx_word' id='word_1_401' title='bbox 1196 2005 1266 2028; x_wconf 88' lang='lat' dir='ltr'>war</span> <span class='ocrx_word' id='word_1_402' title='bbox 1291 1998 1359 2028; x_wconf 89' lang='lat' dir='ltr'>erst</span> <span class='ocrx_word' id='word_1_403' title='bbox 1379 2005 1421 2028; x_wconf 87' lang='lat' dir='ltr'>an</span> <span class='ocrx_word' id='word_1_404' title='bbox 1439 1995 1556 2028; x_wconf 88' lang='lat' dir='ltr'>seinen</span> 
     </span>
     <span class='ocr_line' id='line_1_65' title="bbox 872 2022 1555 2081; baseline -0.001 -7"><span class='ocrx_word' id='word_1_405' title='bbox 872 2041 976 2075; x_wconf 89' lang='lat' dir='ltr'>Vater</span> <span class='ocrx_word' id='word_1_406' title='bbox 1000 2041 1050 2074; x_wconf 92' lang='lat' dir='ltr'>Ti.</span> <span class='ocrx_word' id='word_1_407' title='bbox 1070 2022 1229 2075; x_wconf 81' lang='lat' dir='ltr'>Claudius</span> <span class='ocrx_word' id='word_1_408' title='bbox 1248 2040 1348 2081; x_wconf 84' lang='lat' dir='ltr'>Nero,</span> <span class='ocrx_word' id='word_1_409' title='bbox 1374 2041 1462 2074; x_wconf 89' lang='lat' dir='ltr'>dann</span> <span class='ocrx_word' id='word_1_410' title='bbox 1487 2051 1555 2074; x_wconf 87' lang='lat' dir='ltr'>von</span> 
     </span>
     <span class='ocr_line' id='line_1_66' title="bbox 872 2086 1556 2129; baseline -0.001 -9.99"><span class='ocrx_word' id='word_1_411' title='bbox 872 2089 938 2121; x_wconf 81' lang='lat'>716</span> <span class='ocrx_word' id='word_1_412' title='bbox 963 2097 992 2121; x_wconf 84' lang='lat' dir='ltr'>a.</span> <span class='ocrx_word' id='word_1_413' title='bbox 1018 2099 1068 2129; x_wconf 91' lang='lat' dir='ltr'>u.‚</span> <span class='ocrx_word' id='word_1_414' title='bbox 1097 2088 1138 2120; x_wconf 83' lang='lat'>38</span> <span class='ocrx_word' id='word_1_415' title='bbox 1164 2098 1195 2120; x_wconf 79' lang='lat' dir='ltr'>v,</span> <span class='ocrx_word' id='word_1_416' title='bbox 1223 2086 1296 2120; x_wconf 90' lang='lat' dir='ltr'>Chr.</span> <span class='ocrx_word' id='word_1_417' title='bbox 1324 2096 1365 2119; x_wconf 90' lang='lat' dir='ltr'>an</span> <span class='ocrx_word' id='word_1_418' title='bbox 1393 2086 1556 2119; x_wconf 83' lang='lat' dir='ltr'>Octavian</span> 
     </span>
     <span class='ocr_line' id='line_1_67' title="bbox 871 2133 1110 2166; baseline 0 0"><span class='ocrx_word' id='word_1_419' title='bbox 871 2133 1110 2166; x_wconf 77' lang='lat' dir='ltr'>verheiratliet.</span> 
     </span>
    </p>

    <p class='ocr_par' dir='ltr' id='par_1_21' title="bbox 865 2177 1559 2541">
     <span class='ocr_line' id='line_1_68' title="bbox 916 2177 1559 2219; baseline -0.002 -8"><span class='ocrx_word' id='word_1_420' title='bbox 916 2178 976 2212; x_wconf 91' lang='lat' dir='ltr'>Die</span> <span class='ocrx_word' id='word_1_421' title='bbox 1011 2179 1247 2219; x_wconf 77' lang='lat' dir='ltr'>necessitudo,</span> <span class='ocrx_word' id='word_1_422' title='bbox 1279 2177 1410 2211; x_wconf 88' lang='lat' dir='ltr'>welche</span> <span class='ocrx_word' id='word_1_423' title='bbox 1435 2177 1559 2210; x_wconf 78' lang='lat' dir='ltr'>vorher</span> 
     </span>
     <span class='ocr_line' id='line_1_69' title="bbox 871 2222 1558 2266; baseline -0.001 -9"><span class='ocrx_word' id='word_1_424' title='bbox 871 2224 965 2257; x_wconf 89' lang='lat' dir='ltr'>nicht</span> <span class='ocrx_word' id='word_1_425' title='bbox 988 2224 1177 2258; x_wconf 88' lang='lat' dir='ltr'>bestanden</span> <span class='ocrx_word' id='word_1_426' title='bbox 1202 2224 1296 2257; x_wconf 86' lang='lat' dir='ltr'>batte</span> <span class='ocrx_word' id='word_1_427' title='bbox 1323 2226 1361 2262; x_wconf 86' lang='lat' dir='ltr'>(s.</span> <span class='ocrx_word' id='word_1_428' title='bbox 1389 2223 1409 2266; x_wconf 68' lang='grc' dir='ltr'>ξ</span> <span class='ocrx_word' id='word_1_429' title='bbox 1430 2223 1462 2262; x_wconf 88' lang='grc'>2)</span> <span class='ocrx_word' id='word_1_430' title='bbox 1488 2222 1558 2256; x_wconf 90' lang='lat' dir='ltr'>und</span> 
     </span>
     <span class='ocr_line' id='line_1_70' title="bbox 871 2267 1558 2313; baseline -0.004 -10"><span class='ocrx_word' id='word_1_431' title='bbox 871 2271 925 2303; x_wconf 89' lang='lat' dir='ltr'>ein</span> <span class='ocrx_word' id='word_1_432' title='bbox 945 2280 1087 2313; x_wconf 78' lang='lat' dir='ltr'>erigeres</span> <span class='ocrx_word' id='word_1_433' title='bbox 1100 2269 1314 2303; x_wconf 68' lang='lat' dir='ltr'>Verbaltniss</span> <span class='ocrx_word' id='word_1_434' title='bbox 1333 2268 1382 2302; x_wconf 86' lang='lat' dir='ltr'>als</span> <span class='ocrx_word' id='word_1_435' title='bbox 1399 2267 1558 2308; x_wconf 79' lang='lat' dir='ltr'>familia-</span> 
     </span>
     <span class='ocr_line' id='line_1_71' title="bbox 870 2314 1559 2356; baseline -0.003 -8"><span class='ocrx_word' id='word_1_436' title='bbox 870 2318 962 2348; x_wconf 80' lang='lat' dir='ltr'>ritas</span> <span class='ocrx_word' id='word_1_437' title='bbox 975 2315 1176 2349; x_wconf 89' lang='lat' dir='ltr'>bezeichnet</span> <span class='ocrx_word' id='word_1_438' title='bbox 1192 2317 1232 2356; x_wconf 89' lang='lat' dir='ltr'>(s.</span> <span class='ocrx_word' id='word_1_439' title='bbox 1244 2326 1284 2348; x_wconf 93' lang='lat' dir='ltr'>zu</span> <span class='ocrx_word' id='word_1_440' title='bbox 1298 2315 1379 2348; x_wconf 88' lang='lat' dir='ltr'>Cato</span> <span class='ocrx_word' id='word_1_441' title='bbox 1400 2316 1471 2356; x_wconf 84' lang='lat'>1,3)</span> <span class='ocrx_word' id='word_1_442' title='bbox 1487 2314 1559 2347; x_wconf 86' lang='lat' dir='ltr'>tritt</span> 
     </span>
     <span class='ocr_line' id='line_1_72' title="bbox 871 2359 1555 2394; baseline -0.003 0"><span class='ocrx_word' id='word_1_443' title='bbox 871 2364 941 2394; x_wconf 88' lang='lat' dir='ltr'>erst</span> <span class='ocrx_word' id='word_1_444' title='bbox 973 2361 1078 2394; x_wconf 89' lang='lat' dir='ltr'>durch</span> <span class='ocrx_word' id='word_1_445' title='bbox 1104 2361 1164 2394; x_wconf 89' lang='lat' dir='ltr'>das</span> <span class='ocrx_word' id='word_1_446' title='bbox 1188 2363 1328 2393; x_wconf 80' lang='lat' dir='ltr'>sancire</span> <span class='ocrx_word' id='word_1_447' title='bbox 1355 2360 1408 2393; x_wconf 90' lang='lat' dir='ltr'>ins</span> <span class='ocrx_word' id='word_1_448' title='bbox 1432 2359 1555 2393; x_wconf 87' lang='lat' dir='ltr'>Leben.</span> 
     </span>
     <span class='ocr_line' id='line_1_73' title="bbox 865 2405 1559 2449; baseline -0.001 -10"><span class='ocrx_word' id='word_1_449' title='bbox 865 2405 899 2439; x_wconf 69' lang='lat' dir='ltr'><em>N</em></span> <span class='ocrx_word' id='word_1_450' title='bbox 903 2406 947 2449; x_wconf 82' lang='lat' dir='ltr'>gl.</span> <span class='ocrx_word' id='word_1_451' title='bbox 975 2406 1083 2449; x_wconf 82' lang='lat' dir='ltr'>Iegem</span> <span class='ocrx_word' id='word_1_452' title='bbox 1109 2408 1259 2439; x_wconf 78' lang='lat' dir='ltr'>sancire.</span> <span class='ocrx_word' id='word_1_453' title='bbox 1306 2405 1559 2439; x_wconf 68' lang='lat' dir='ltr'>Familiariws</span> 
     </span>
     <span class='ocr_line' id='line_1_74' title="bbox 869 2451 1558 2485; baseline 0 -1"><span class='ocrx_word' id='word_1_454' title='bbox 869 2451 939 2485; x_wconf 91' lang='lat' dir='ltr'>und</span> <span class='ocrx_word' id='word_1_455' title='bbox 962 2452 1183 2484; x_wconf 77' lang='lat' dir='ltr'>necessitudo</span> <span class='ocrx_word' id='word_1_456' title='bbox 1206 2451 1385 2485; x_wconf 71' lang='lat' dir='ltr'>verbindet</span> <span class='ocrx_word' id='word_1_457' title='bbox 1402 2451 1488 2484; x_wconf 86' lang='lat' dir='ltr'>auch</span> <span class='ocrx_word' id='word_1_458' title='bbox 1506 2451 1558 2484; x_wconf 86' lang='lat' dir='ltr'>Ci-</span> 
     </span>
     <span class='ocr_line' id='line_1_75' title="bbox 871 2497 1198 2541; baseline 0.006 -12"><span class='ocrx_word' id='word_1_459' title='bbox 871 2507 947 2531; x_wconf 83' lang='lat' dir='ltr'>cero</span> <span class='ocrx_word' id='word_1_460' title='bbox 973 2508 1005 2541; x_wconf 93' lang='lat' dir='ltr'>p.</span> <span class='ocrx_word' id='word_1_461' title='bbox 1022 2497 1105 2531; x_wconf 85' lang='lat' dir='ltr'>Mur.</span> <span class='ocrx_word' id='word_1_462' title='bbox 1122 2499 1153 2539; x_wconf 85' lang='lat'>3,</span> <span class='ocrx_word' id='word_1_463' title='bbox 1169 2499 1198 2531; x_wconf 86' lang='lat'>7.</span> 
     </span>
    </p>

    <p class='ocr_par' dir='ltr' id='par_1_22' title="bbox 871 2541 1558 2630">
     <span class='ocr_line' id='line_1_76' title="bbox 915 2541 1558 2584; baseline -0.003 -8"><span class='ocrx_word' id='word_1_464' title='bbox 915 2541 977 2578; x_wconf 83' lang='grc'>20.</span> <span class='ocrx_word' id='word_1_465' title='bbox 1009 2546 1032 2577; x_wconf 81' lang='lat' dir='ltr'>l.</span> <span class='ocrx_word' id='word_1_466' title='bbox 1059 2544 1226 2584; x_wconf 72' lang='lat' dir='ltr'>Quamvis</span> <span class='ocrx_word' id='word_1_467' title='bbox 1243 2543 1309 2575; x_wconf 87' lang='lat' dir='ltr'>wie</span> <span class='ocrx_word' id='word_1_468' title='bbox 1331 2544 1381 2584; x_wconf 87' lang='grc'><strong>16,</strong></span> <span class='ocrx_word' id='word_1_469' title='bbox 1397 2544 1417 2576; x_wconf 89' lang='grc'>2</span> <span class='ocrx_word' id='word_1_470' title='bbox 1436 2552 1558 2584; x_wconf 79' lang='lat' dir='ltr'>quam-</span> 
     </span>
     <span class='ocr_line' id='line_1_77' title="bbox 871 2587 1310 2630; baseline 0.005 -10"><span class='ocrx_word' id='word_1_471' title='bbox 871 2598 987 2630; x_wconf 78' lang='lat' dir='ltr'>quam.</span> <span class='ocrx_word' id='word_1_472' title='bbox 1027 2588 1059 2622; x_wconf 90' lang='lat' dir='ltr'>S.</span> <span class='ocrx_word' id='word_1_473' title='bbox 1075 2599 1115 2622; x_wconf 93' lang='lat' dir='ltr'>zu</span> <span class='ocrx_word' id='word_1_474' title='bbox 1133 2587 1219 2622; x_wconf 87' lang='lat' dir='ltr'>Milt.</span> <span class='ocrx_word' id='word_1_475' title='bbox 1235 2591 1266 2630; x_wconf 83' lang='lat'>2,</span> <span class='ocrx_word' id='word_1_476' title='bbox 1281 2590 1310 2623; x_wconf 88' lang='lat'>3.</span> 
     </span>
    </p>
   </div>
  </div>
 </body>
</html>
