1780 2877
181 113 233 152 62
686 115 751 150 VII.
775 115 1034 150 ALCIBIADES.
1061 118 1091 150 5.

180 237 405 270 averterunt
425 231 744 270 Atheniensium:
776 244 853 281 quo
877 232 976 269 facto
998 231 1121 270 multo
1151 232 1374 282 superiores
1397 232 1498 273 bello
1521 246 1604 273 esse

130 292 154 327 5
184 294 412 339 coeperunt.
453 288 588 339 Neque
618 300 708 326 vero
730 288 790 327 his
810 287 928 327 rebus
958 293 1036 326 tam
1057 287 1170 326 amici
1191 288 1378 328 Alcibiadi
1399 295 1492 329 sunt
1512 290 1603 329 facti

181 357 295 396 quam
317 344 456 384 timore
476 345 523 383 ab
541 357 586 384 eo
609 344 776 383 alienati.
818 344 915 383 Nam
937 357 1028 383 cum
1048 344 1228 383 acerrimi
1248 345 1319 383 viri
1339 351 1604 397 praestantem

179 402 428 453 prudentiam
450 402 491 440 in
513 401 697 441 omnibus
726 401 844 441 rebus
873 407 1179 453 cognoscerent,
1210 402 1520 453 pertimuerunt,
1551 415 1602 442 ne

179 459 339 498 caritate
360 458 506 510 patriae
528 458 668 497 ductus
688 458 897 509 aliquando
919 458 966 497 ab
988 458 1082 510 ipsis
1103 458 1336 497 descisceret
1357 464 1395 498 et
1415 472 1503 498 cum
1524 459 1605 499 suis

179 516 219 554 in
250 516 411 566 gratiam
447 514 602 554 rediret.
645 515 778 566 Itaque
814 521 969 566 tempus
999 515 1081 555 eius
1115 515 1380 554 interficiundi
1417 528 1605 567 quaerere

142 579 160 610 2
180 573 449 611 instituerunt.
479 571 519 609 Id
538 571 755 611 Alcibiades
770 572 915 611 diutius
929 572 1045 611 celari
1062 585 1143 611 non
1161 572 1300 624 potuit.
1331 571 1424 611 Erat
1440 573 1544 612 enim
1562 585 1607 612 ea

179 629 406 681 sagacitate,
431 634 473 667 ut
494 628 619 679 decipi
642 641 722 667 non
744 634 895 680 posset,
918 629 1148 679 praesertim
1170 642 1260 668 cum
1281 629 1456 668 animum
1477 634 1605 669 atten—

178 687 296 726 disset
316 686 361 724 ad
392 685 619 724 cavendum.
660 685 795 736 Itaque
817 686 864 724 ad
886 685 1209 736 Tissaphernem,
1241 687 1482 737 praefectum
1503 686 1606 737 regis

143 749 160 780 3
181 743 303 789 Darii,
335 755 375 781 se
397 741 574 781 contulit.
617 741 735 781 Cuius
755 754 845 780 cum
867 742 906 780 in
928 742 1105 781 intimam
1127 743 1334 782 amicitiam
1366 743 1606 794 pervenisset

178 807 216 839 et
231 798 529 838 Atheniensium
545 798 643 837 male
659 799 778 850 gestis
799 798 839 836 in
862 798 991 837 Sicilia
1012 799 1130 838 rebus
1152 811 1246 850 opes
1268 812 1485 848 senescere,
1508 813 1605 839 con-

179 865 233 896 tra
251 855 651 894 Lacedaemoniorum
673 867 849 894 crescere
865 855 1022 902 videret,
1046 854 1157 893 initio
1175 868 1263 894 cum
1281 856 1469 895 Pisandro
1491 869 1605 908 prae—

176 920 273 961 tore,
297 912 361 963 qui
380 912 480 963 apud
499 912 659 952 Samum
682 912 897 951 exercitum
912 911 1091 960 habebat,
1114 923 1185 962 per
1201 911 1468 952 internuntios
1483 913 1605 952 collo-

178 970 310 1021 quitur
332 974 370 1007 et
390 969 436 1008 de
458 968 586 1008 reditu
606 981 677 1007 suo
700 969 791 1008 facit
811 968 1066 1007 mentionem.
1109 967 1202 1006 Erat
1223 968 1328 1007 enim
1351 969 1499 1016 eodem,
1526 982 1604 1020 quo

176 1026 415 1073 Alcibiades,
448 1038 586 1073 sensu,
617 1026 752 1077 populi
782 1025 982 1077 potentiae
1011 1037 1092 1064 non
1123 1025 1270 1064 amicus
1291 1031 1328 1064 et
1360 1025 1606 1077 optimatium

137 1090 155 1121 4
177 1084 316 1122 fautor.
353 1082 410 1120 Ab
434 1083 507 1121 hoc
530 1082 739 1122 destitutus
760 1082 930 1134 primum
952 1094 1023 1134 per
1041 1081 1338 1134 Thrasybulum,
1362 1082 1455 1134 Lyci
1470 1082 1605 1131 filium,

176 1140 223 1179 ab
241 1139 414 1179 exercitu
430 1139 617 1190 recipitur
633 1145 870 1190 praetorque
887 1140 930 1178 fit
946 1138 1048 1190 apud
1066 1138 1224 1177 Samum
1234 1151 1244 1187 ;
1262 1144 1352 1190 post
1367 1139 1606 1191 suffragante

177 1197 419 1236 Theramene
440 1196 576 1247 populi
598 1196 694 1235 scito
716 1195 937 1235 restituitur
958 1195 1121 1247 parique
1142 1194 1284 1235 absens
1306 1196 1469 1247 imperio
1492 1208 1605 1248 prae-

138 1259 156 1291 5
177 1254 306 1293 ficitur
332 1253 447 1292 simul
469 1265 558 1291 cum
580 1253 822 1304 Thrasybulo
846 1258 884 1291 et
904 1252 1160 1291 Theramene.
1201 1252 1351 1291 Horum
1372 1252 1412 1291 in
1441 1252 1606 1304 imperio

177 1354 204 1376 c.
229 1342 279 1376 111.
306 1344 359 1382 31,
383 1343 402 1376 3
428 1344 504 1384 sagt
527 1343 566 1374 rin
592 1342 773 1374 obsidione
798 1343 859 1374 Ιια-

175 1387 352 1431 buerant]

219 1433 253 1468 5.
286 1435 317 1466 2.
352 1433 475 1474 Itaque
507 1433 555 1464 ad
589 1432 858 1475 Tissaphernem

177 1490 206 1513 u.
234 1490 258 1511 5.
286 1489 328 1511 w.
355 1478 405 1510 01.
419 1479 473 1519 92,
495 1479 624 1511 12:412
643 1477 688 1509 im
712 1477 856 1513 Winter.

174 1543 218 1547 -—
243 1524 377 1556 Darius
403 1522 546 1564 Nothus,
573 1523 721 1556 welcher
744 1525 857 1556 424—

175 1571 240 1603 405
266 1569 421 1612 regierte.
668 1593 672 1597 .

221 1617 250 1649 3.
265 1615 357 1647 male
372 1634 415 1637 —
433 1615 545 1645 rebus.
570 1612 648 1646 Dies
663 1623 734 1646 war
747 1612 853 1646 sehon

175 1660 224 1694 Ol.
239 1662 293 1702 91,
306 1661 441 1694 4=4l3
456 1659 637 1701 geschehn,
656 1658 727 1692 also
741 1657 854 1691 friiher

173 1706 223 1738 als
248 1705 319 1739 Alc.
346 1705 430 1738 nach
455 1704 569 1738 Ionien
598 1704 686 1737 kam.

218 1753 322 1783 initio
362 1761 440 1783 enm
477 1749 651 1782 Pisandro
684 1752 856 1791 praetore

174 1807 206 1831 u.
216 1807 241 1829 5.
257 1807 300 1830 w.
326 1795 410 1829 Dass
419 1795 581 1829 Pisander
595 1794 754 1827 Feldherr
768 1804 848 1835 war,

174 1841 442 1875 berichtetsonst
453 1839 628 1874 Niemand.
649 1840 691 1872 Er
700 1850 771 1872 war
781 1839 855 1872 eins

173 1886 230 1920 der
246 1886 396 1929 Haupter
413 1886 471 1919 der
488 1885 756 1928 oligarchischen
774 1885 855 1917 Fac-

174 1933 243 1965 tion
258 1932 302 1965 im
312 1931 429 1974 Heere,
438 1931 507 1964 und
514 1930 707 1964 Alcibiades
717 1930 853 1963 wandte

173 1978 244 2011 sich
270 1988 311 2010 an
337 1977 428 2010 seine
454 1976 584 2017 Partei,
611 1976 689 2009 weil
715 1975 773 2009 der
797 1975 854 2008 da-

171 2023 294 2065 malige
312 2023 438 2055 Fiihrer
463 2022 522 2056 des
540 2021 648 2055 Volks
664 2021 852 2054 Androcles

172 2069 244 2102 sein
277 2068 382 2101 Feind
415 2078 485 2100 war
519 2066 639 2109 (Thuc.
672 2066 753 2100 VIII.
784 2068 852 2108 68),

171 2114 264 2147 nicht
289 2113 368 2146 weil
393 2123 438 2155 er,
463 2113 529 2146 wie
547 2112 663 2155 Nepos
687 2115 774 2154 sagt,
799 2111 854 2144 fiir

173 2160 225 2193 die
244 2159 433 2202 Oligarchie
459 2168 530 2191 war
547 2157 666 2198 (Thac.
684 2156 766 2190 VIII.
783 2158 852 2198 48).

216 2208 246 2239 4.
271 2206 325 2238 Ab
360 2206 426 2237 lzoc
450 2204 654 2244 destitutus,
687 2202 852 2235 nachdem

171 2262 205 2284 er
237 2250 295 2283 ihn
327 2250 448 2283 vorher
480 2249 525 2282 im
562 2247 658 2281 Stich
694 2247 851 2290 gelassen

170 2297 275 2330 hatte.
323 2295 417 2328 Denn
443 2305 477 2328 er
505 2294 600 2327 hatte
624 2293 851 2336 versprochen

171 2341 415 2384 Tissaphernes
446 2340 516 2373 und
547 2339 613 2372 den
640 2338 752 2381 Konig
783 2349 851 2372 von

172 2386 309 2420 Persien
333 2386 397 2419 den
420 2385 592 2418 Athenern
617 2394 694 2418 zum
719 2383 852 2417 Freund

170 2442 212 2464 zu
245 2432 385 2466 machen
420 2430 540 2473 (Thuc.
572 2429 652 2463 V111.
685 2431 741 2464 47.
774 2430 849 2471 48);

172 2476 220 2509 als
257 2478 337 2510 aber
366 2476 529 2510 Pisander
564 2486 605 2509 an
644 2475 702 2509 der
735 2474 851 2518 Spitze

173 2522 264 2554 einer
281 2521 543 2556 Gesandtschast
560 2531 637 2554 zum
654 2520 852 2564 Tissapher-

172 2577 233 2599 nes
258 2566 351 2609 kam,
377 2568 509 2601 machte
534 2566 743 2609 Alcibiades,
769 2565 852 2599 wel—

926 1341 1006 1374 cher
1019 1341 1092 1374 sein
1105 1340 1340 1384 Versprechen
1357 1340 1450 1374 nicht
1463 1340 1607 1374 erfiillen

926 1386 1065 1428 konnte,
1082 1386 1117 1419 in
1134 1386 1193 1419 des
1211 1385 1456 1429 Tissaphernes
1476 1385 1606 1419 Namen

926 1432 1041 1465 solche
1066 1431 1322 1474 Bedingungen,
1348 1431 1426 1464 dass
1443 1430 1607 1464 Pisander

924 1477 1121 1519 unmoglich
1153 1476 1272 1510 darauf
1301 1476 1448 1519 eingehn
1477 1476 1606 1510 konnte

925 1522 1044 1565 (Thuc.
1070 1521 1149 1556 VIII.
1177 1524 1243 1563 56).

968 1570 1135 1610 primum.
1162 1567 1212 1602 Ol.
1231 1569 1285 1610 92,
1301 1568 1446 1601 2=411.
1460 1585 1505 1590 -—
1515 1569 1606 1609 post.

921 1613 958 1646 ln
984 1613 1179 1646 demselben
1196 1612 1278 1646 Jahr
1294 1611 1414 1654 (Thuc.
1436 1610 1517 1646 VIII.
1536 1613 1604 1654 97).

922 1658 1113 1702 Xenophon
1143 1657 1229 1691 Hell.
1254 1658 1276 1691 Ι.
1302 1660 1333 1699 4,
1361 1659 1401 1691 10
1426 1657 1606 1691 nenntihn

925 1704 974 1737 Ol.
1000 1706 1055 1746 92,
1081 1705 1214 1737 4:408
1241 1702 1473 1746 uneigentlich
1504 1703 1603 1736 einen

924 1749 1143 1782 Verbannten
1161 1746 1378 1794 (φεύγοντα),
1403 1747 1482 1781 weil
1500 1758 1535 1781 er
1551 1748 1604 1781 bis

925 1794 1026 1827 dahin
1051 1794 1140 1828 noch
1164 1794 1258 1827 nicht
1282 1793 1409 1827 wieder
1433 1794 1468 1826 in
1492 1793 1604 1826 Athen

927 1849 1085 1882 gewesen
1111 1850 1192 1874 war.
1239 1839 1324 1873 Dass
1352 1839 1425 1872 Alc.
1451 1839 1513 1872 mit
1537 1838 1605 1871 Un-

924 1888 1138 1928 tersti'itzung
1151 1885 1210 1919 des
1221 1884 1448 1918 Theramenes
1462 1883 1605 1917 zuriick-

926 1930 1068 1964 berusen
1095 1930 1154 1972 sei,
1187 1933 1262 1972 sagt
1287 1930 1373 1963 auch
1397 1929 1495 1963 Diod.
1520 1929 1602 1963 XIII.

923 1978 976 2010 38.
1002 1978 1055 2017 42,
1087 1975 1152 2008 den
1184 1975 1314 2017 Antrag
1343 1974 1457 2008 stellte
1483 1974 1602 2007 Critias

923 2020 1024 2063 (Plut.
1056 2019 1129 2054 Alc.
1164 2022 1231 2061 33).
1279 2019 1506 2052 Theramenes
1532 2029 1603 2052 war

922 2066 1028 2099 sehon
1061 2065 1218 2098 Feldherr
1255 2064 1374 2106 (Thuc.
1408 2064 1490 2099 VIII.
1523 2066 1600 2107 92);

921 2111 1048 2144 ebenso
1065 2110 1300 2154 Thrasybulus
1313 2110 1382 2143 und
1395 2110 1601 2152 Alcibiades,

921 2156 1052 2190 welche
1088 2166 1167 2189 vom
1200 2155 1286 2189 Heer
1323 2155 1357 2189 in
1391 2154 1511 2189 Samos
1543 2165 1602 2199 ge—

922 2201 1028 2235 wahlt
1061 2212 1195 2243 waren,
1230 2211 1347 2234 ausser
1382 2201 1485 2234 ihnen
1520 2201 1601 2234 aber

921 2247 1009 2281 noch
1034 2247 1197 2289 mehrere,
1220 2257 1288 2280 von
1313 2246 1422 2279 denen
1438 2245 1602 2290 Thrasyl-

920 2293 974 2326 lus
1006 2292 1064 2326 der
1096 2291 1343 2326 bedeutendste
1376 2302 1448 2324 war
1479 2290 1599 2333 (Thuc.

921 2337 1001 2371 VIII.
1029 2339 1081 2371 76.
1109 2339 1176 2380 82).

965 2384 1190 2425 suffragante
1210 2382 1434 2425 Theramene,
1452 2382 1518 2414 wie
1535 2381 1598 2424 Ag.

924 2431 952 2471 1,
971 2432 1000 2463 5.
1014 2428 1196 2472 -populi
1210 2429 1309 2462 seito.
1335 2426 1368 2461 S.
1391 2437 1434 2460 zu
1449 2426 1505 2461 Ar.
1524 2429 1552 2467 1,
1566 2430 1597 2461 5.

965 2474 1073 2507 simul
1103 2469 1336 2514 ‘zusammen’,
1368 2468 1426 2505 ‘im
1451 2469 1598 2514 Verein’,

921 2520 986 2553 wie
998 2521 1016 2563 ξ
1028 2522 1058 2554 6.
1071 2519 1157 2553 Dion
1171 2521 1202 2561 8,
1218 2518 1330 2561 1.1ph.
1346 2519 1378 2560 3,
1391 2519 1421 2552 3.
1437 2516 1506 2551 Pel.
1521 2520 1553 2559 5,
1570 2520 1597 2551 1.

920 2565 1026 2600 Hann.
1045 2567 1076 2608 6,
1093 2567 1124 2599 4.
1146 2567 1197 2607 13,
1214 2566 1245 2598 3.
1271 2563 1337 2599 Cic.
1362 2574 1396 2607 p.
1422 2562 1516 2596 Font.
1546 2565 1597 2605 15,
