1780 2877
641 137 726 172 XIV.
751 137 971 172 DATAMES.
1000 139 1028 170 1.

1477 131 1555 172 105

118 269 159 297 sc
180 255 317 308 capitis
338 255 559 307 periculum
581 254 687 294 adire
710 266 827 306 quam
850 253 1056 293 Timotheo
1078 252 1125 291 dc
1149 252 1249 290 sama
1270 251 1470 290 dimicanti
1492 252 1558 290 dc-

118 326 214 354 esse.
256 313 373 352 Hunc
402 313 588 352 adversus
614 318 746 351 tamen
769 310 1000 349 Timotheus
1029 314 1165 361 postea
1186 307 1324 359 populi
1345 307 1454 347 iussu
1475 308 1557 347 bel-

118 371 198 410 lum
221 370 353 422 gessit,
375 370 523 422 patriae
545 369 741 409 sanctiora
762 368 847 406 iura
869 379 984 418 quam
1006 365 1166 417 hospitii
1188 377 1273 404 esse
1294 364 1416 404 duxit.

233 428 339 467 Haec
372 433 545 467 extrema
573 426 648 465 fuit
672 430 777 464 aetas
798 424 1081 475 imperatorum
1104 421 1423 470 Atheniensium,
1456 422 1561 474 Iphi·
1592 429 1610 460 4

119 485 248 533 cratis,
272 484 472 532 Chabriae,
495 482 713 531 Timothei3
736 493 867 532 neque
889 486 979 532 post
999 480 1157 519 illorum
1179 480 1333 519 obitum
1354 479 1561 531 quisquam

119 543 198 582 dux
227 542 266 581 in
298 542 362 581 illa
392 541 490 581 urbe
520 539 593 578 suit
624 539 767 591 dignus
795 537 997 577 memoria.
1039 537 1164 576 Venio
1195 549 1303 577 nunc
1325 537 1373 575 ad
1394 536 1563 576 fortissi-
1594 543 1612 574 5

121 612 229 640 mum
264 599 389 638 virum
425 597 664 648 maximique
701 595 857 635 consilii
879 595 1057 634 omnium
1094 595 1355 634 barbarorum
1389 593 1562 646 exceptis

122 657 277 697 duobus
299 654 708 706 Carthaginiensibus,
733 652 953 692 Hamilcare
976 657 1014 691 et
1035 652 1269 692 Hannibale.
1310 652 1366 691 De
1389 664 1466 703 quo
1489 652 1565 690 hoc
1595 658 1614 690 6

122 715 236 767 plura
252 714 435 761 feremus,
459 712 564 763 quod
581 716 620 750 et
639 710 869 750 obscuriora
888 716 983 749 sunt
1004 709 1087 749 eius
1107 715 1214 762 gesta
1237 710 1423 762 pleraque
1446 714 1484 749 et
1506 721 1562 757 ea,

123 783 221 822 quae
238 782 429 822 prospere
447 769 482 808 ei
499 774 717 817 cesserunt,
740 780 822 806 non
844 767 1117 819 magnitudine
1139 767 1354 819 copiarum,
1377 767 1444 806 sed
1467 779 1564 805 con-

121 827 215 875 silii,
248 839 326 878 quo
357 833 441 866 tum
472 839 611 866 omnes
632 825 864 877 superabat,
894 824 1146 874 acciderunt;
1178 836 1347 876 quorum
1366 823 1441 863 nisi
1464 823 1563 862 ratio
1598 849 1600 851 >

122 884 312 937 explicata
333 884 463 932 fuerit,
486 896 549 923 res
570 895 760 935 apparere
783 895 863 921 non
887 887 1087 934 poterunt.

237 999 430 1046 DATAMES,
451 1004 562 1049 patre
586 997 793 1044 Camisare,
817 996 977 1035 natione
1000 996 1108 1043 Care,
1130 1001 1253 1034 matre
1276 994 1475 1047 Scythissa
1497 1006 1567 1033 na-

122 1063 204 1105 tus,
235 1056 409 1108 primum
440 1055 479 1094 in
512 1054 680 1094 militum
711 1066 878 1093 numero
907 1053 981 1092 fuit
1008 1053 1111 1104 apud
1142 1053 1385 1091 Artaxerxen
1415 1064 1566 1099 eorum,

123 1114 190 1166 qui
211 1113 359 1165 regiam
380 1112 607 1152 tuebantur.
648 1111 763 1151 Pater
784 1111 868 1150 eius
891 1110 1125 1158 Camisares,
1157 1110 1262 1161 quod
1287 1115 1324 1148 et
1345 1121 1465 1148 manu
1486 1109 1568 1148 for-

123 1172 172 1211 tis
194 1176 231 1210 et
253 1170 356 1210 bello
378 1175 565 1210 strenuus
586 1175 624 1209 et
643 1169 728 1221 regi
749 1168 883 1208 multis
903 1167 1001 1207 locis
1021 1167 1146 1207 fidelis
1169 1172 1250 1206 erat
1270 1172 1473 1219 repertus,
1500 1166 1568 1205 ha-

123 1284 146 1318 l.
180 1285 234 1319 39.
267 1285 320 1318 53.
358 1282 481 1316 Pseud.
510 1284 584 1316 167.
623 1281 729 1316 Stich.
758 1283 811 1315 80.

123 1329 212 1363 Men.
230 1330 308 1363 443.
345 1328 440 1362 Asin.
459 1330 512 1362 67.
547 1328 608 1371 Ep.
638 1329 701 1362 118
728 1339 760 1361 u.
780 1329 810 1361 ὂ.

124 1375 202 1409 Ter.
219 1375 303 1409 Eun.
325 1376 352 1408 1.
372 1376 441 1416 66),
466 1373 599 1407 kommt
624 1374 705 1407 aher
726 1373 812 1407 auch

126 1421 193 1455 Cic.
209 1421 279 1454 Cat.
294 1420 317 1453 Ι.
332 1422 363 1462 7,
377 1422 428 1454 17.
455 1418 536 1454 Sall.
552 1420 623 1453 Cat.
640 1422 666 1460 1,
685 1423 712 1454 1.
735 1421 764 1460 7,
780 1421 810 1452 6.

123 1467 195 1501 Liv.
210 1466 309 1500 XXII.
325 1468 380 1508 50,
396 1468 412 1498 7
429 1476 501 1500 vor.
532 1465 628 1499 Mehr
652 1465 708 1499 bei
732 1464 813 1498 Dr'a-

127 1523 185 1555 ger
209 1512 247 1546 H.
281 1511 314 1546 S.
348 1511 384 1545 11.
415 1513 607 1546 380—383.
659 1511 692 1546 S.
726 1511 811 1545 auch

126 1557 264 1601 Madvig
289 1558 310 1601 ξ
338 1559 402 1592 389
426 1557 524 1592 Anm.
552 1560 598 1599 4.]

173 1604 276 1636 Hunc
289 1603 470 1637 adversus.
507 1602 540 1637 S.
559 1614 602 1637 zu
619 1603 718 1637 Paus.
734 1605 765 1645 4,
780 1604 811 1636 4.

127 1649 212 1683 Dass
234 1648 435 1683 Timotheus
461 1659 571 1692 gegen
587 1649 693 1683 Jason
711 1648 813 1691 Krieg

129 1695 284 1739 gefflhrt,
317 1695 485 1728 berichtet
519 1698 615 1729 sonst
646 1693 814 1728 Niemand

128 1741 198 1775 und
223 1741 355 1774 scheint
376 1740 501 1774 ›falscln

175 1789 207 1821 4.
234 1797 348 1829 neque
369 1789 450 1830 post
473 1786 618 1819 illorum
649 1797 680 1819 u.
718 1796 744 1820 S.
770 1795 814 1819 w.

129 1832 200 1866 Den
239 1832 393 1866 Phocion
435 1832 645 1875 wenigstens
686 1834 816 1864 musste

130 1879 246 1922 Nepos
285 1878 511 1919 ausnehmen,
549 1877 671 1910 dessen
704 1876 816 1910 Leben

131 1935 166 1958 er
191 1923 299 1958 selbst
324 1926 430 1957 unten
456 1923 616 1957 schreibt.

178 1973 222 2012 [5.
247 1971 400 2002 maximi
425 1969 578 2003 consilii.
615 1969 647 2003 S.
676 1979 717 2002 zu
742 1967 816 2002 Dat.

155 2018 332 2101 ⁷6.]ferre
356 2061 429 2094 hier
453 2055 653 2102 ‘erzahlen‘,
686 2059 753 2093 wie
780 2069 816 2092 es

132 2110 230 2141 sonst
261 2117 330 2140 von
354 2106 515 2140 Aelteren
549 2117 612 2140 nur
644 2105 706 2139 mit
740 2105 816 2139 dem

133 2153 231 2187 Nom.
250 2164 282 2187 u.
301 2152 380 2186 Ace.
400 2163 427 2186 c.
446 2152 505 2186 inf.
526 2152 713 2195 gehraueht
731 2150 818 2184 wird

135 2198 272 2239 (fertur
296 2197 365 2231 und
388 2197 539 2240 ferunt).
573 2197 650 2240 Vgl.
669 2208 710 2231 zu
736 2196 817 2231 Tac.

134 2246 221 2278 Ann.
242 2243 294 2278 VI.
313 2245 368 2278 49.
408 2243 592 2277 Vielleicht
616 2243 660 2276 ist
677 2243 731 2276 die
749 2242 818 2276 alte

134 2290 340 2332 Aenderung
353 2288 548 2329 referemus
557 2289 689 2332 richtig.
712 2289 753 2331 [N
757 2289 818 2322 ach

132 2336 241 2380 plura
266 2335 396 2370 konnte
420 2346 460 2367 re
490 2334 596 2368 leicht
627 2334 818 2376 ausfallen.]

170 2385 274 2425 gesta
288 2380 565 2416 substantivisch.
591 2380 688 2414 Auch
711 2380 818 2414 Hann.

139 2430 197 2470 13,
222 2431 253 2463 3.
303 2427 408 2462 Sonst
442 2429 518 2469 sagt
542 2436 620 2459 man
645 2426 678 2459 in
705 2425 822 2460 classi-

137 2474 234 2507 scher
251 2473 325 2507 Zeit
349 2484 405 2505 res
424 2475 558 2514 gestae.
590 2471 665 2506 Val.
691 2471 778 2505 Max.
796 2471 820 2506 Ι.

138 2520 430 2599 {32110'33‘23‘232‘
450 2517 821 2597 311³?5‘¹'viffl1³‘³3¹¹³v¹1³fi³

215 2590 223 2598 .
302 2593 309 2600 .
373 2591 381 2607 ,
417 2589 430 2598 ι.
532 2592 538 2598 .
604 2590 611 2597 .
653 2590 661 2606 ,
704 2590 710 2596 .
814 2590 821 2597 .

138 2613 194 2653 40,
219 2613 250 2644 5.
296 2611 375 2645 Tac.
401 2611 480 2653 Agr.
508 2612 526 2644 S
560 2620 625 2642 nec
648 2609 822 2651 Agricola

880 1291 1048 1323 umquam
1085 1282 1124 1312 in
1160 1290 1262 1312 suam
1291 1278 1427 1319 famam
1456 1281 1570 1322 gestis

882 1326 1101 1368 eoesultavit]

927 1382 1101 1415 apparere
1132 1371 1191 1404 hat
1224 1371 1288 1404 den
1321 1370 1405 1405 Ton.
1465 1370 1569 1404 Deut-

882 1418 988 1451 licher
1012 1417 1107 1450 hatte
1125 1417 1242 1460 Nepos
1266 1416 1487 1459 geschrieben
1512 1428 1569 1450 res

883 1466 1040 1507 quantae
1055 1462 1205 1505 fuerint,
1229 1473 1404 1505 apparere
1420 1473 1491 1496 non
1504 1473 1570 1506 po-

883 1511 968 1542 terit
993 1509 1041 1550 [S.
1066 1509 1137 1543 Att.
1166 1511 1218 1547 16,
1244 1510 1288 1550 4].

1141 1588 1310 1622 DATAMES.

927 1646 974 1680 Im
999 1647 1170 1680 Datames
1193 1646 1239 1680 ist
1266 1645 1378 1688 Alles,
1412 1645 1571 1678 woriiber

884 1693 978 1726 nicht
996 1692 1056 1725 das
1074 1691 1277 1735 Gegentheil
1299 1690 1454 1724 bemerkt
1472 1690 1568 1733 wird,

884 1750 953 1772 von
978 1738 1094 1782 Nepos
1119 1738 1222 1771 allein
1248 1737 1425 1771 berichtet.

930 1785 964 1819 1.
993 1786 1020 1818 1.
1047 1784 1231 1827 Scythissa
1252 1794 1346 1817 muss
1362 1783 1571 1826 Eigenname

886 1830 976 1871 sein,
1010 1829 1051 1863 da
1088 1830 1142 1862 die
1167 1829 1294 1863 Mutter
1327 1829 1386 1862 des
1411 1829 1570 1862 Datames

886 1875 973 1908 nach
1007 1885 1034 1909 c.
1062 1877 1094 1917 2,
1121 1877 1140 1909 2
1166 1886 1198 1908 u.
1224 1877 1243 1908 4
1279 1875 1354 1908 eine
1379 1874 1572 1917 Paphlago-

886 1921 993 1954 nierin
1008 1930 1089 1954 war.
1115 1920 1228 1953 Ueber
1244 1920 1298 1953 die
1317 1920 1416 1953 Form
1434 1919 1572 1953 Lobeck

888 1977 927 2000 zu
954 1966 1140 2000 Buttmann
1164 1965 1296 2000 11.427.

932 2013 1158 2045 Artaoeeroees
1190 2012 1235 2045 ist
1266 2011 1312 2045 im
1337 2010 1412 2044 Dat.
1438 2010 1570 2044 iiberall

888 2058 1064 2091 Mnemon.

933 2104 1055 2136 multis
1073 2103 1160 2136 Iocis
1183 2100 1251 2136 ‘bei
1276 2103 1387 2136 vielen
1407 2102 1574 2146 Gelegen-

888 2146 1019 2183 heiten'
1058 2149 1139 2192 [wie
1164 2148 1259 2183 Ham.
1292 2151 1317 2191 1,
1343 2151 1386 2191 2],
1427 2148 1493 2182 Cic.
1529 2148 1571 2181 ad

888 2195 966 2229 fam.
993 2195 1032 2229 V.
1055 2197 1106 2237 17,
1125 2198 1143 2229 5
1162 2195 1262 2228 nullo
1288 2195 1363 2228 loco
1389 2195 1493 2228 deero
1515 2205 1574 2226 ne-

890 2253 957 2285 que
981 2242 1029 2275 ad
1053 2241 1310 2275 consalandum
1327 2252 1439 2284 neque
1464 2240 1512 2272 ad
1529 2240 1575 2272 le-

890 2288 1045 2321 vandam
1061 2287 1249 2327 fortunam
1268 2290 1377 2329 taam,
1403 2286 1456 2319 Vl.
1483 2287 1534 2327 13,
1553 2288 1573 2320 4

890 2333 1086 2377 (angefiihrt
1117 2343 1158 2366 zu
1184 2333 1264 2366 Cim.
1291 2335 1323 2374 4,
1349 2334 1404 2375 3),
1437 2331 1478 2365 ad
1502 2331 1573 2366 Att.

890 2380 926 2413 ll.
946 2381 1000 2421 20,
1024 2380 1213 2413 1Am‘eato
1237 2379 1335 2411 nullo
1360 2379 1435 2411 loco
1462 2376 1574 2420 defui,

890 2425 991 2459 Tusc.
1018 2424 1061 2457 iv
1080 2425 1125 2458 in.
1153 2435 1232 2457 cum
1256 2424 1378 2457 multis
1403 2424 1490 2456 loeis
1513 2434 1576 2456 no-

889 2474 1050 2504 strorum
1076 2471 1258 2503 hominum
1291 2471 1438 2512 ingenia
1464 2470 1576 2502 virtu-

892 2521 1010 2559 tesque
1034 2516 1130 2549 soleo
1160 2518 1292 2549 mirari
1320 2519 1393 2548 tum
1417 2517 1576 2548 maoeime

892 2565 930 2595 in
964 2563 1017 2595 his
1045 2562 1184 2595 studiis.
1239 2561 1346 2603 [Mehr
1382 2561 1435 2594 bei
1475 2560 1576 2594 Klotz

892 2607 1232 2648 Handworterbuch]

1598 992 1684 1033 XIV
