1780 2877
561 134 631 168 XV.
657 132 980 167 EPAMlNONDAS.
1007 134 1038 166 9.
1431 130 1510 170 129

85 249 237 289 nondas
267 262 286 288 a
317 250 514 289 Thebanis
543 256 669 289 morte
697 249 883 289 multatus
914 254 990 294 est,
1022 247 1126 299 quod
1155 259 1223 285 eos
1256 247 1384 297 coegit
1411 249 1511 298 apud

83 307 251 346 Leuctra
273 319 459 358 superare
482 306 832 351 Lacedaemonios,
855 318 955 356 quos
974 310 1064 343 ante
1085 316 1126 343 se
1148 302 1422 353 imperatorem
1444 317 1513 343 ne-

82 375 147 402 mo
169 363 409 403 Boeotorum
431 376 549 403 ausus
569 364 642 402 fuit
663 363 838 414 aspicere
859 362 897 400 in
921 362 1022 407 acie,
1057 359 1241 412 quodque
1262 372 1343 398 uno
1367 361 1514 411 proelio
1546 370 1563 400 4

83 432 163 459 non
195 420 322 459 solum
353 421 506 460 Thebas
534 420 581 459 ab
622 419 785 458 interitu
820 418 1002 465 retraxit,
1041 418 1108 456 sed
1138 416 1254 454 etiam
1292 416 1511 456 universam

81 476 283 516 Graeciam
309 477 349 516 in
372 477 591 516 libertatem
611 475 819 514 vindicavit
840 487 965 525 eoque
995 487 1059 513 res
1088 480 1346 524 utrorumque
1368 474 1512 524 perdu-

81 533 155 581 xit,
180 540 222 573 ιη
242 534 416 573 Thebani
439 533 617 584 Spartam
639 537 937 583 oppugnarent,
959 530 1258 570 Lacedaemonii
1278 530 1371 569 satis
1392 530 1509 569 habe·
1540 540 1558 569 Γ)

81 597 192 638 rent,
224 591 255 630 si
287 590 377 629 salvi
407 602 490 628 esse
518 595 700 640 possent,
733 601 862 639 neque
891 588 1002 639 prius
1031 588 1175 626 bellare
1196 587 1362 634 destitit,
1394 599 1508 638 quam

81 647 259 686 Messene
288 647 465 686 restituta
500 646 640 685 urbem
670 657 807 685 eorum
849 644 1053 684 obsidione
1089 643 1238 683 clausit.
1287 644 1392 682 Haec
1421 656 1510 682 cum

78 704 257 750 dixisset,
288 703 390 742 risus
420 703 597 742 omnium
619 715 707 742 cum
739 702 930 741 hilaritate
953 710 1114 741 coortus
1143 706 1220 748 est,
1252 713 1382 751 neque
1403 701 1511 752 quis-

80 772 194 811 quam
217 759 332 799 iudex
353 772 472 799 ausus
489 765 547 799 est
568 760 615 799 de
635 773 680 799 eo
703 760 806 798 ferre
827 759 1067 810 suffragium.
1110 759 1174 797 Sic
1195 771 1215 797 a
1237 757 1381 797 iudicio
1403 758 1510 809 capi-

78 816 127 855 tis
147 816 313 855 maxima
334 816 511 856 discessit
531 817 666 868 gloria.

191 873 263 912 Hic
285 879 458 912 extremo
480 880 658 925 tempore
680 873 893 924 imperator
921 873 1024 924 apud
1046 871 1282 910 Mantineam
1312 884 1401 910 cum
1425 871 1507 910 acie
1531 875 1554 909 9

75 929 269 970 instructa
299 930 484 970 audacius
518 931 681 970 instaret
716 931 866 976 hostes,
902 929 1086 981 cognitus
1121 941 1141 967 a
1176 928 1508 975 Lacedaemoniis,

75 987 180 1037 quod
203 987 241 1026 in
266 988 384 1026 unius
403 987 578 1038 pernicie
599 987 683 1026 eius
706 987 854 1038 patriae
875 986 987 1026 sitam
1008 985 1201 1037 putabant
1221 984 1398 1032 salutem,
1421 985 1510 1023 uni-

76 1044 177 1083 versi
198 1043 237 1082 in
260 1057 383 1083 unum
400 1044 590 1095 impetum
612 1045 791 1083 fecerunt
812 1056 940 1094 neque
956 1043 1067 1094 prius
1082 1041 1370 1088 abscesserunt,
1393 1054 1506 1092 quam

75 1112 217 1152 magna
248 1101 365 1140 caede
393 1101 605 1152 multisque
635 1100 773 1140 occisis
803 1100 1014 1139 fortissime
1044 1099 1172 1150 ipsum
1195 1098 1507 1149 Epaminondam

76 1163 320 1209 pugnantem
341 1170 456 1209 sparo
482 1158 636 1198 eminus
656 1169 889 1210 percussum
916 1156 1126 1196 concidere
1152 1155 1344 1194 viderunt.
1385 1155 1510 1194 Huius
1540 1162 1557 1194 2

73 1226 169 1254 casu
189 1214 433 1265 aliquantum
455 1215 640 1254 retardati
661 1220 754 1254 sunt
773 1214 950 1261 Boeotii,
982 1225 1111 1264 neque
1140 1219 1271 1251 tamen
1295 1211 1405 1263 prius
1433 1225 1507 1264 pu-

73 1315 152 1355 jene
177 1314 309 1347 Thaten
343 1325 384 1348 zu
410 1314 640 1357 vollbringen;
668 1316 754 1348 nach

73 1359 179 1393 dems.
207 1359 248 1392 de
266 1360 318 1393 sui
342 1360 442 1393 laude
460 1362 526 1394 540
541 1360 565 1392 E
585 1361 702 1394 wollte
720 1372 754 1394 er

74 1404 195 1439 Nichts
219 1406 499 1448 ausgeschrieben
524 1406 653 1448 haben,
678 1417 756 1439 son-

72 1450 153 1484 dern
171 1451 347 1493 verlangte
365 1462 436 1492 nur,
455 1451 509 1484 die
522 1451 658 1485 Richter
675 1451 756 1485 soll-

73 1501 130 1528 ten
154 1498 359 1539 zugestehn,
393 1497 471 1530 dass
496 1507 532 1530 er
559 1498 643 1539 Jene
667 1497 756 1530 Tha—

74 1545 130 1574 ten
157 1551 266 1584 gegen
292 1543 385 1575 ihren
413 1542 538 1576 Willen
563 1543 755 1577 vollbracht

74 1587 170 1620 habe.

120 1634 151 1666 3.
175 1635 260 1664 ante
283 1643 329 1665 se.
369 1633 413 1665 Es
430 1637 559 1667 musste
576 1638 657 1666 ante
675 1645 754 1667 eum

71 1677 220 1711 heissen.
268 1678 359 1710 Aber
384 1678 499 1721 Nepos
532 1679 577 1712 ist
600 1680 672 1713 hier
696 1690 754 1713 au-

73 1722 303 1765 genblicklich
333 1724 366 1756 in
402 1723 457 1756 die
481 1723 644 1767 Meinung
679 1735 752 1758 ver-

73 1768 188 1810 fallen,
213 1768 264 1802 als
289 1769 375 1811 gabe
401 1779 436 1802 er
461 1769 535 1802 eine
560 1780 626 1802 von
640 1770 700 1813 Ep.
719 1771 752 1804 in

71 1818 180 1847 erster
198 1813 325 1847 Person
353 1815 584 1857 gesprochene
603 1815 694 1848 Rede
719 1817 751 1848 in

73 1859 182 1892 oratio
208 1859 346 1902 obliqua
375 1860 511 1900 wieder,
537 1861 675 1894 obwohl
693 1861 753 1894 das

74 1904 220 1938 Verbum
233 1905 345 1938 dieses
362 1905 480 1938 Satzes
494 1906 568 1938 dem
585 1906 752 1949 Uebrigen

71 1960 296 1992 angemessen
314 1950 368 1984 ist.
395 1950 471 1992 Vgl.
490 1962 530 1984 zu
548 1951 665 1985 Them.
679 1955 710 1991 8,
721 1955 751 1986 3.

118 2007 226 2028 ausus
261 1996 345 2035 fluit.
404 1995 522 2029 Dieses
560 1997 750 2030 Perfectum

72 2041 273 2075 bezeichnet
296 2042 383 2074 auch
419 2042 508 2082 hier,
543 2043 608 2076 wie
634 2044 752 2076 immer

71 2086 105 2119 in
139 2092 237 2129 guter
271 2087 392 2125 Prosa,
429 2088 526 2120 einen
558 2088 752 2122 dauernden

72 2132 240 2165 Zustand:
272 2128 331 2166 ‘so
365 2132 458 2166 kfihn
489 2143 647 2175 gewesen
679 2132 751 2168 ist’.

72 2176 210 2219 Madvig
235 2178 296 2220 Op.
314 2177 350 2211 11.
370 2180 447 2212 218.
496 2179 552 2219 [Es
571 2180 655 2212 wird
673 2181 753 2213 aber

72 2223 133 2255 mit
150 2222 246 2255 Halm
272 2223 304 2255 in
330 2234 438 2255 ausus
460 2226 507 2256 sit
533 2235 575 2258 zu
599 2236 753 2258 verwan-

72 2268 150 2301 deln
176 2269 260 2309 sein,
287 2268 435 2301 welcher
452 2269 666 2313 Conjunctiv,
691 2281 752 2304 aus

71 2313 148 2347 dem
174 2314 278 2346 Sinne
312 2314 371 2347 des
397 2314 664 2357 Epaminondas,
697 2317 750 2349 die

71 2359 325 2401 Anstossigkeit
359 2359 418 2392 des
451 2363 534 2392 ante
556 2372 591 2392 se
615 2361 752 2394 beseiti-

71 2415 136 2446 gen
151 2405 277 2438 wurde.
322 2404 502 2438 Dieselben
522 2405 637 2440 Worte
650 2418 750 2440 nemo

70 2461 178 2483 ausus
201 2453 248 2483 sit
270 2450 372 2484 Phoc.
397 2453 429 2491 4,
455 2453 499 2492 4.]

116 2498 149 2529 4.
166 2507 237 2528 uno
254 2497 401 2538 proelio,
423 2496 508 2529 eben
528 2497 579 2529 bei
599 2498 750 2531 Leuctra.

119 2545 148 2574 5.
172 2543 294 2574 urbem
317 2552 440 2574 eorum
460 2544 640 2575 obsidione
657 2545 751 2576 clau-

70 2588 129 2618 sit.
159 2586 257 2620 Diese
276 2587 393 2621 Worte
410 2588 638 2622 wiederholen
657 2590 750 2623 eines

141 2647 293 2675 Cornelius
312 2648 408 2682 Nepos
427 2648 489 2683 (Gr.
508 2649 554 2683 Α.)
574 2651 602 2676 2.
621 2651 693 2677 Anti.

824 1314 938 1348 vollen
977 1312 1155 1346 Schlusses
1194 1322 1314 1355 wegen
1353 1313 1506 1346 schlecht

825 1361 928 1394 sehon
956 1359 1078 1391 vorher
1098 1358 1280 1403 ,Gesag-tes.

868 1405 907 1440 9.
933 1405 982 1437 01.
1012 1406 1086 1445 104,
1112 1406 1188 1437 2:
1205 1406 1281 1436 352.

874 1454 900 1485 1.
928 1453 1087 1483 eaetremo
1106 1452 1272 1491 tempore.
1314 1448 1348 1482 S.
1365 1460 1407 1482 zu
1432 1449 1504 1482 Dat.

869 1544 1024 1574 instaret
1055 1541 1178 1572 hostes.
1242 1539 1375 1572 Ebenso
1410 1540 1503 1574 Eum.

824 1592 856 1629 4,
876 1590 894 1621 2
913 1586 981 1620 und
1000 1585 1110 1619 Plaut.
1129 1585 1223 1618 Cure.
1241 1585 1290 1618 ΙΙΙ.
1310 1587 1330 1618 6
1346 1588 1379 1617 si
1389 1589 1506 1628 mag-is

823 1645 878 1666 me
905 1633 1094 1672 instabunt,
1121 1630 1224 1664 Poen.
1242 1630 1296 1663 lv.
1316 1633 1346 1673 2,
1365 1636 1408 1665 96
1428 1635 1505 1664 tan-

824 1683 899 1712 tum
923 1689 1002 1710 eum
1027 1680 1137 1709 instat
1160 1677 1278 1708 eoeitz'z‘.

869 1726 1036 1767 cognitus
1060 1734 1080 1754 α
1099 1722 1390 1755 Lacedaemonas
1414 1722 1502 1755 kann

823 1770 882 1804 des
913 1768 1116 1803 (iedankens
1149 1777 1268 1810 wegen
1303 1768 1396 1800 nicht
1427 1779 1503 1800 zum

823 1813 1128 1857 Vorhergehenden
1148 1813 1308 1855 gehoren.
1341 1813 1406 1846 Der
1424 1814 1502 1846 Satz

823 1861 908 1894 wird
932 1861 1112 1901 hegonnen
1137 1858 1188 1891 als
1214 1859 1305 1890 ware
1330 1858 1390 1901 Ep.
1418 1858 1504 1891 Sub-

819 1908 909 1948 ject,
943 1905 1054 1948 gleich
1086 1903 1206 1936 darauf
1230 1903 1308 1935 aber
1333 1906 1504 1943 (universi

821 1964 853 1986 u.
873 1963 899 1985 s.
919 1955 977 1992 W.)
1002 1951 1059 1982 hat
1085 1949 1199 1991 Nepos
1224 1949 1295 1981 dies
1322 1959 1501 1991 vergessen

821 1997 888 2030 und
914 1997 967 2029 die
985 1994 1245 2028 Lacedamonier
1268 2005 1342 2026 zum
1362 1994 1503 2035 Snbject

822 2043 989 2085 gemacht.
1026 2040 1230 2073 Aehnliches
1248 2039 1317 2073 Pel.
1337 2042 1368 2079 2,
1387 2043 1417 2074 5.
1439 2041 1501 2082 Ag.

822 2091 853 2130 b,
872 2091 901 2121 2.
929 2089 999 2120 Att.
1023 2088 1072 2123 12,
1090 2088 1121 2119 4.
1140 2085 1208 2118 und
1226 2095 1264 2117 zu
1284 2084 1401 2118 Them.
1420 2087 1450 2121 ὁ.
1469 2088 1498 2118 2.

867 2136 990 2176 [neque
1011 2135 1114 2175 prins
1138 2151 1182 2154 —
1207 2141 1310 2172 quam
1337 2131 1408 2164 hier
1433 2131 1500 2164 und

820 2181 840 2221 ἓ
867 2183 896 2213 2.
946 2178 979 2212 S.
1006 2189 1046 2211 zu
1071 2177 1143 2210 Dat.
1170 2180 1201 2217 5,
1227 2178 1272 2216 6.]

866 2227 896 2259 2.
912 2225 971 2258 Die
986 2223 1109 2256 Feinde
1128 2232 1241 2254 waren
1259 2222 1292 2254 in
1311 2222 1363 2254 die
1380 2222 1499 2254 Flucht

821 2271 1044 2313 geschlagen:
1078 2268 1128 2301 als
1161 2268 1241 2301 aher
1265 2267 1324 2310 Ep.
1351 2267 1498 2309 gesallen

821 2326 907 2357 war,
939 2318 1091 2348 wussten
1124 2313 1177 2346 die
1202 2312 1380 2345 Thebaner
1404 2313 1497 2346 ihren

821 2361 902 2404 Sieg
927 2361 1020 2394 nicht
1051 2370 1093 2392 zu
1122 2359 1310 2392 benutzen.
1345 2358 1411 2391 und
1444 2358 1497 2391 die

821 2407 982 2439 Sehiacht
999 2405 1090 2438 biieb
1108 2403 1385 2437 unentschieden.
1413 2403 1496 2437 Xen.

819 2453 903 2485 Hell.
941 2452 1005 2484 Vll.
1042 2454 1072 2490 5,
1099 2451 1141 2483 24
1157 2449 1188 2482 ff.
1223 2448 1317 2483 Diod.
1347 2448 1416 2483 XV.
1444 2452 1497 2484 87.

819 2498 930 2531 Justin
959 2496 1009 2529 Vl.
1038 2498 1066 2533 7,
1096 2497 1146 2529 12.

858 2544 1014 2576 Boeotii.
1064 2540 1174 2573 Ueber
1206 2539 1298 2573 dit-se
1335 2540 1428 2572 Form
1455 2551 1497 2574 zu

819 2589 889 2622 Alc..
921 2592 971 2630 11,
996 2590 1026 2621 3.

1272 2651 1291 2682 9
