1780 2877
650 153 735 188 xlx.
763 153 961 188 PHOCION.
1005 156 1035 188 2.

1497 150 1577 190 167

123 271 310 319 suluerat,
333 271 399 309 sed
424 270 552 317 etiam,
577 271 681 321 quod
703 270 896 309 amicitiae
917 270 1034 308 fidem
1058 280 1138 307 non
1161 268 1422 319 praestiterat.
1459 269 1581 308 Nam-
1610 275 1629 307 3

124 339 199 378 que
221 334 361 367 auctus
383 327 617 379 adiutusque
640 340 661 365 a
683 327 949 366 Demosthene
968 338 1070 373 eum,
1095 336 1212 375 quem
1234 324 1413 371 tenebat,
1438 338 1577 365 ascen-

124 385 232 424 derat
249 385 427 436 gradnm,
445 397 534 424 cum
553 385 738 423 adversus
755 383 960 422 Charetem
979 394 1069 422 eum
1092 381 1350 429 subornaret3
1374 382 1421 421 ab
1439 383 1576 421 eodem

124 441 160 481 in
185 441 360 489 iudiciis,
383 454 474 481 cum
497 441 635 493 capitis
657 452 816 479 causam
838 439 1007 486 diceret,
1030 439 1226 478 ⁴defensus
1248 438 1457 489 aliquoties
1478 439 1576 479 lihe-

122 505 229 539 ratus
250 500 495 540 discesserat.
537 498 655 537 Hunc
674 510 754 536 non
777 496 905 536 solum
928 497 967 535 in
985 496 1172 548 periculis
1195 508 1276 534 non
1300 496 1486 543 defendit,
1509 498 1576 536 sed

124 557 239 596 etiam
262 556 447 609 prodidit.
493 554 674 594 Concidit
695 560 827 593 autem
847 554 1015 593 maxime
1039 566 1119 593 uno
1143 553 1321 600 crimine,
1346 554 1463 604 quod,
1488 566 1579 593 cum
1609 561 1628 594 4

121 615 225 665 apud
245 626 335 653 eum
353 625 551 652 summum
569 617 671 651 esset
688 611 899 663 imperium
916 611 1065 663 populi,
1084 616 1121 649 et
1138 610 1390 658 Nicanorem,
1410 610 1576 650 Cassan-

122 671 181 710 dri
198 671 456 723 praefectum,
474 669 651 708 insidiari
663 668 801 708 Piraeo
816 668 1117 708 Atheniensium
1129 680 1149 706 a
1162 667 1328 719 Dercylo
1345 673 1577 707 moneretur

121 728 303 779 idemque
319 727 550 779 postularet,
569 732 611 766 ut
627 726 865 778 provideret,
883 739 933 766 ne
950 725 1236 765 commeatibus
1253 725 1387 764 civitas
1401 725 1576 777 privare-

118 790 201 833 tur,
233 784 326 824 huic
347 784 530 824 audiente
553 784 702 835 populo
726 783 903 823 Phocion
927 783 1082 834 negavit
1103 795 1187 822 esse
1210 782 1432 834 periculum
1453 795 1575 834 seque

119 841 203 881 eius
219 842 276 880 rei
294 841 472 881 obsidem
490 842 574 880 l‘ore
597 841 797 892 pollicitus
814 846 884 880 est.

927 841 1064 891 Neque
1082 840 1132 879 ita
1155 839 1279 878 multo
1298 845 1385 891 post
1403 839 1577 879 Nicanor
1609 848 1622 855 ¹

118 898 256 938 Piraeo
274 904 333 938 est
354 898 517 950 potitus,
555 898 611 937 Ad
630 910 747 949 quem
770 898 1087 949 recuperandum
1104 909 1195 936 cum
1213 897 1387 948 populus
1403 902 1575 937 armatus

118 956 400 1003 concurrisset,
423 956 486 994 ille
510 968 591 994 non
615 955 733 993 niodo
752 955 952 994 neminem
976 955 1021 993 ad
1039 966 1146 992 arma
1163 953 1326 997 vocavit,
1349 954 1415 992 sed
1440 967 1490 993 ne
1512 967 1574 993 ar·

117 1014 231 1053 matis
254 1013 411 1065 quidem
430 1025 613 1064 praeesse
629 1012 763 1051 voluit.
802 1012 895 1051 Sine
915 1024 994 1063 quo
1011 1011 1187 1050 Athenae
1205 1010 1370 1049 omnino
1389 1023 1473 1050 esse
1491 1024 1572 1051 non

117 1113 280 1147 wahreud
306 1113 377 1148 Pel.
404 1116 435 1156 5,
460 1116 484 1147 1.
511 1112 619 1147 Hann.
645 1115 676 1154 4,
704 1114 722 1146 2
749 1112 809 1145 (133

117 1159 275 1193 Pradicat
312 1160 399 1193 nach
437 1159 548 1192 einen}
587 1158 691 1192 durch
731 1169 809 1191 enm

118 1206 335 1239 eriveiterten
378 1204 521 1247 Suhject
564 1205 609 1237 im
649 1204 810 1248 Singular

117 1252 219 1285 steht.

163 1300 192 1331 3.
220 1307 320 1329 eum:
347 1296 411 1329 den
439 1295 604 1338 Phocion,
636 1297 809 1328 suborna-

117 1346 193 1376 rem}
210 1342 471 1376 Demosthenes.
495 1341 528 1375 S.
545 1352 586 1374 zu
603 1341 721 1375 Them.
733 1343 764 1383 6,
776 1343 806 1375 4.

161 1391 192 1423 4.
221 1391 249 1422 5.
290 1387 341 1421 01.
372 1390 453 1429 115,
487 1389 655 1421 3=317.
712 1387 806 1420 Nach

115 1434 174 1468 der
207 1444 380 1478 genauern
405 1433 600 1476 Erzahlnng
626 1433 806 1466 Plutarchs

116 1480 233 1522 (Phoe.
249 1482 305 1522 32)
319 1479 398 1513 kam
413 1479 573 1517 Nicanor.
586 1490 643 1512 um
659 1479 731 1513 sich
745 1479 806 1513 mit

112 1526 177 1560 den
204 1526 378 1560 Athenern
411 1525 496 1559 iiber
529 1525 582 1558 die
608 1536 676 1558 von
702 1525 806 1558 ihnen

113 1573 292 1615 verlangte
310 1571 512 1615 Uebergabe
530 1581 597 1604 von
619 1571 805 1615 Munychia

114 1629 154 1651 zu
174 1617 396 1659 unterreden,
430 1617 464 1650 in
490 1617 555 1650 den
582 1616 701 1650 Piraus
727 1627 804 1651 zum

114 1663 231 1705 Phoc„
258 1663 407 1697 welcher
420 1663 550 1696 damals
565 1663 704 1706 Strateg
723 1673 802 1697 war.

112 1710 174 1743 Als
212 1710 269 1743 ihn
307 1709 378 1742 hier
414 1708 597 1752 Dercyhus,
635 1709 803 1742 ebensalls

113 1755 263 1799 Strateg,
290 1754 458 1797 ergreisen
481 1754 612 1795 wollte,
637 1754 720 1788 liess
745 1755 803 1788 ihn

113 1801 216 1835 Phoc.
245 1801 477 1834 entkommeu.
528 1800 654 1833 Daraus
677 1800 804 1833 melde-

114 1852 170 1881 ten
188 1847 286 1880 Viele
312 1847 389 1880 dem
407 1845 524 1888 Phoc,
550 1845 628 1879 dass
654 1845 804 1880 Nicanor

112 1894 177 1927 den
194 1893 313 1926 Piraus
327 1892 568 1935 tiberi-[impelii
580 1892 694 1932 wolle,
714 1892 803 1925 ohne

112 1939 191 1973 dass
213 1939 317 1972 Phoc.
344 1938 466 1972 darauf
489 1938 637 1971 achtete.
688 1937 732 1971 Es
758 1938 803 1971 ist

112 1985 415 2027 wahrscheinlich,
454 1984 533 2017 dass
558 1987 658 2017 unter
683 1984 801 2017 diesen

112 2031 199 2065 auch
217 2030 384 2075 Dercylus
410 2040 492 2071 war,
520 2029 585 2062 wie
604 2029 721 2073 Nepos
744 2030 802 2063 he-

112 2077 252 2115 richtet;
279 2077 324 2110 im
351 2075 549 2119 Folgenden
575 2075 656 2109 aber
682 2076 740 2109 hat
766 2086 801 2109 er

112 2123 199 2156 zwei
224 2122 407 2166 Vorgange
434 2121 614 2155 f'alschlich
641 2121 674 2154 in
701 2122 799 2155 einen

112 2177 476 2211 zusammengezogen.
518 2168 612 2201 Denn
640 2167 699 2201 auf
718 2169 800 2209 jene

112 2213 318 2257 Meldungen
355 2214 414 2246 hin
451 2214 569 2247 wurde
596 2214 650 2246 ein
675 2213 801 2247 Volks-

111 2259 292 2293 beschluss
311 2259 452 2302 gelasst,
477 2259 555 2292 dass
577 2259 630 2292 die
649 2259 801 2293 Athener

111 2306 145 2339 in
180 2305 315 2339 Wass'en
346 2304 415 2338 und
446 2305 503 2338 der
537 2304 677 2338 Befehle
712 2305 800 2338 Pho-

111 2353 206 2386 cions
233 2350 401 2394 gewartig
436 2351 509 2384 sein
535 2350 673 2384 sollten.
721 2350 800 2384 Hier

111 2397 180 2431 tras
217 2397 320 2431 Phoc.
372 2396 485 2441 keine¹
513 2396 800 2431 Vorsichtsmass-

110 2443 238 2487 regeln.
288 2443 348 2476 Als
384 2442 464 2475 aher
498 2442 647 2476 Nicanor
680 2442 802 2476 darauf

110 2489 268 2523 wirklich
293 2489 358 2522 den
380 2488 500 2522 Piraus
525 2488 799 2531 eingeuommen,

110 2535 230 2569 wollte
263 2545 298 2568 er
331 2534 385 2568 die
412 2534 563 2567 Athener
596 2544 707 2577 gegen
740 2534 798 2567 ihn

112 2581 243 2622 fnhren,
265 2582 354 2623 jetzt
372 2581 453 2613 aher
477 2580 574 2613 horte
600 2590 679 2613 man
705 2580 798 2613 nicht

111 2627 170 2660 anf
193 2627 287 2661 scine
312 2626 455 2659 Besehle
480 2626 581 2665 (Plut.
608 2625 711 2660 Phoc.
731 2628 798 2669 33).

883 1112 1043 1146 Plutarch
1082 1110 1233 1144 schreibt
1275 1109 1334 1143 das
1377 1110 1574 1145 Benehmen

881 1158 1054 1192 Phocions
1072 1157 1202 1190 seinem
1221 1155 1409 1190 Vertrauen
1436 1157 1496 1190 auf
1517 1158 1571 1191 die

881 1203 1099 1237 Redlichkeit
1125 1202 1185 1235 des
1211 1202 1361 1236 Nicanor
1386 1213 1443 1242 zu;
1485 1205 1571 1237 nach

880 1249 1006 1284 Diodor
1038 1248 1153 1283 XVIII.
1188 1250 1230 1282 65
1265 1249 1304 1290 (s.
1342 1259 1382 1281 zu
1417 1259 1444 1283 c.
1474 1251 1510 1291 3,
1537 1251 1570 1291 2)

880 1296 1014 1329 scheint
1040 1305 1075 1328 er
1093 1305 1130 1328 es
1156 1294 1237 1327 aber
1254 1303 1356 1336 gerne
1380 1295 1510 1337 gesehn
1529 1306 1569 1329 zu

879 1342 1009 1383 haben,
1042 1341 1121 1374 dass
1146 1340 1295 1373 Nicanor
1321 1339 1382 1373 das
1408 1340 1499 1375 Volk
1525 1342 1571 1375 im

879 1388 983 1422 Zaum
1009 1387 1112 1420 halte.

924 1437 955 1468 4.
998 1432 1096 1476 apud
1128 1432 1281 1475 aliquem
1315 1443 1386 1463 esse
1422 1432 1478 1466 hat
1515 1433 1569 1467 die

877 1479 1081 1521 Bedeutung
1095 1488 1162 1511 von
1182 1479 1310 1510 habere
1325 1477 1467 1520 aliquid
1483 1480 1569 1513 auch

877 1526 944 1559 Cic.
971 1524 1066 1558 Brut.
1094 1526 1157 1565 41,
1185 1525 1249 1557 152
1285 1525 1451 1557 eoez'stz‘mo
1479 1527 1570 1559 iuris

877 1571 994 1605 civilis
1032 1580 1207 1612 magnum
1256 1580 1357 1602 usum
1399 1574 1433 1602 et
1472 1573 1570 1614 apud

877 1616 1087 1651 Scaevolam
1113 1619 1146 1648 et
1172 1616 1269 1659 apud
1292 1616 1424 1649 multos
1445 1616 1568 1656 fuisse.

876 1664 946 1697 Liv.
965 1662 1115 1696 XXXIX.
1136 1663 1175 1695 37
1197 1662 1296 1705 apud
1311 1662 1474 1695 Achaeos
1488 1674 1568 1706 pre-

875 1712 977 1743 caria
992 1710 1147 1750 liberta-53
1162 1708 1261 1751 apud
1271 1707 1450 1741 Romanos
1461 1711 1568 1742 etiam

874 1758 945 1799 imp
951 1757 1063 1788 erium
1077 1757 1138 1787 est.
1147 1754 1259 1787 Ueber
1269 1753 1333 1787 den
1342 1753 1392 1787 Un
1400 1756 1567 1790 terschied

873 1813 942 1835 von
953 1812 1060 1845 penes
1072 1800 1229 1844 aliquem
1242 1811 1313 1832 esse
1327 1810 1353 1834 s.
1366 1800 1487 1834 Festus
1498 1802 1566 1836 und

874 1847 998 1891 Ulpian
1015 1846 1071 1879 bei
1089 1845 1186 1880 Hand
1203 1845 1301 1879 Turs.
1320 1845 1341 1880 1.
1362 1848 1438 1880 410.

920 1894 1050 1926 Piraeo
1066 1892 1350 1925 Atheniensium.
1384 1891 1429 1925 So
1441 1892 1508 1925 Cic.
1524 1893 1566 1926 ad

873 1940 946 1972 Att.
971 1937 1057 1971 XVI.
1083 1938 1124 1979 6,
1154 1940 1167 1971 1
1212 1937 1471 1980 Leucopetram
1501 1938 1566 1971 Ta-

871 1987 1110 2017 rentinorum.
1160 1983 1231 2016 Liv.
1266 1982 1302 2015 II.
1337 1984 1378 2016 33
1414 1984 1565 2018 Polusca

872 2031 1085 2064 Volscorum
1111 2041 1143 2063 u.
1172 2018 1292 2061 Aehnl.
1332 2027 1453 2072 Haufig
1479 2031 1565 2064 wird

872 2077 925 2110 die
943 2075 1152 2119 Hauptstadt
1177 2075 1270 2108 eines
1290 2073 1563 2111 Volksstammes

872 2134 910 2156 3ο
924 2122 1139 2155 bezeichnet.
1168 2121 1262 2154 Caes.
1278 2120 1318 2153 de
1334 2121 1366 2154 b.
1381 2121 1461 2163 gall.
1474 2121 1528 2156 VI.
1545 2124 1563 2157 3

871 2169 1016 2202 Lutetia
1045 2168 1279 2209 Parisiorum,
1312 2169 1356 2200 44
1381 2167 1565 2201 Durocor-

872 2218 990 2248 torum
1016 2213 1218 2247 Remorum.

917 2262 1088 2294 Phocion.
1121 2259 1188 2292 Das
1216 2258 1360 2300 Subject
1384 2259 1428 2292 ist
1456 2259 1563 2293 sehon

871 2306 960 2340 oben
987 2306 1019 2339 in
1047 2305 1205 2339 concidit
1241 2304 1440 2347 angezeigt;
1482 2305 1562 2338 weil

871 2352 952 2385 aber
977 2352 1065 2385 nach
1084 2351 1180 2394 quod
1195 2351 1348 2384 mehrere
1367 2351 1563 2385 Zwischen-

871 2399 965 2431 satze
991 2398 1053 2431 mit
1077 2396 1347 2431 verschiedeuen
1373 2395 1561 2438 Subjecten

870 2444 1050 2485 eintreten‚
1074 2443 1121 2477 ist
1147 2453 1183 2476 es
1208 2441 1358 2486 passend
1383 2442 1455 2475 hier
1472 2442 1562 2476 noch

870 2488 1111 2523 ausdrucklich
1142 2490 1286 2531 gesetzt.
1336 2487 1472 2521 Ebenso
1498 2488 1560 2532 Ep.

870 2537 909 2577 6,
937 2537 966 2569 3.
1016 2534 1112 2568 Eum.
1140 2536 1175 2571 3.
1202 2536 1234 2568 4.
1284 2532 1361 2576 Vgl.
1398 2534 1484 2568 auch
1515 2535 1559 2568 ib.

870 2583 901 2623 2,
928 2582 959 2615 2.
1002 2582 1052 2621 13,
1083 2582 1109 2614 1.

916 2629 947 2660 5.
974 2629 1050 2659 sine
1068 2636 1137 2669 quo
1163 2625 1311 2659 n'amlich
1326 2626 1473 2668 Piraeo,
1500 2626 1560 2659 ob-
