1780 2877
203 154 282 192 110

727 154 813 189 xlv.
839 154 1057 190 DATAMES.
1094 157 1125 189 6.

200 271 361 311 lentiam
381 272 485 324 regis
507 272 686 311 Datames
715 276 955 311 consecutus
975 276 1098 318 esset,
1130 284 1211 310 non
1236 271 1430 311 minorem
1451 272 1635 312 invidiam

200 329 418 368 aulicorum
440 328 614 380 excepit,
643 329 748 379 quod
770 328 878 367 illum
903 340 1026 367 unum
1046 327 1171 379 pluris
1193 341 1309 379 quam
1330 340 1372 368 se
1392 341 1530 369 omnes
1549 330 1635 369 fieri

200 386 394 425 videbant.
435 385 522 432 Quo
551 386 652 424 facto
675 385 807 424 cuncti
828 385 875 424 ad
896 397 987 424 eum
1008 385 1312 436 opprimendum
1333 393 1636 426 consenserunt.

148 452 166 481 3
196 443 303 482 Haec
324 443 567 489 Pandantes,
597 455 711 494 gazae
734 447 866 481 custos
886 442 1037 493 regiae,
1066 442 1214 481 amicus
1235 442 1397 491 Datami,
1418 443 1636 496 perscripta

199 500 234 539 ei
255 500 393 548 mittit,
425 500 464 538 in
489 499 631 550 quibus
658 500 772 539 docet
796 511 887 539 eum
908 512 1050 551 magno
1073 500 1156 538 fore
1177 499 1374 551 periculo,
1404 499 1437 539 si
1456 500 1548 551 quid
1569 501 1635 540 illo

147 565 166 596 4
198 558 417 610 imperante
439 556 588 595 adversi
609 556 647 595 in
670 557 846 608 Aegypto
869 556 1085 596 accidisset.
1127 557 1303 607 Namque
1326 569 1411 596 eam
1433 569 1517 596 esse
1538 570 1636 598 con-

199 614 448 654 suetudinem
464 613 624 664 regiam,
647 619 689 652 ut
705 626 817 653 casus
832 614 1013 653 adversos
1034 613 1261 653 hominibus
1283 614 1470 661 tribuant,
1493 627 1635 654 secun-

198 672 269 711 dos
304 672 485 710 fortunae
518 682 634 718 suae3
673 682 751 720 quo
782 670 886 717 fieri,
924 676 968 709 ut
994 670 1107 709 facile
1138 670 1391 722 impellantur
1421 671 1468 710 ad
1498 683 1636 711 eorum

198 728 426 779 perniciem,
450 739 618 778 quorum
636 727 755 766 ductu
776 739 841 766 res
861 727 961 766 male
982 733 1114 779 gestae
1135 728 1383 767 nuntientur.
1424 727 1539 768 Illum
1559 729 1636 767 hoc

197 785 343 824 maiore
376 785 460 823 sore
490 784 529 822 in
559 783 807 830 discrimine,
839 784 964 835 quod,
995 784 1138 834 quibus
1162 797 1231 823 rex
1252 785 1418 824 maxime
1441 785 1637 833 oboediat,

147 849 164 879 5
196 855 263 881 eos
293 841 433 880 habeat
454 840 759 880 inimicissimos.
802 840 961 880 Talibus
982 840 1046 879 ille
1067 840 1206 880 litteris
1227 842 1417 892 cognitis,
1448 855 1537 881 cum
1559 842 1636 881 iam

197 899 242 937 ad
266 898 479 937 exercitum
503 899 609 937 Acen
632 897 814 944 venisset,
843 897 947 948 quod
971 910 1052 936 non
1074 897 1282 948 ignorabat
1302 910 1346 936 ea
1366 911 1456 937 vere
1477 899 1636 952 scripta,

197 955 414 995 desciscere
436 968 457 994 a
478 967 570 1006 rege
592 954 808 994 constituit.
851 954 987 1005 Neque
1009 959 1140 993 tamen
1164 954 1375 1005 quicquam
1396 955 1508 1004 fecit,
1531 957 1637 1007 quod

146 1019 165 1050 6
195 1013 270 1051 fide
299 1025 368 1052 sua
398 1018 501 1051 esset
530 1012 749 1063 indignum.
790 1011 888 1050 Nam
916 1011 1171 1050 Mandroclen
1194 1011 1416 1063 Magnetem
1448 1012 1636 1051 exercitui

196 1069 405 1121 praefecit3
428 1069 511 1121 ipse
533 1082 623 1108 cum
646 1068 727 1108 suis
748 1068 789 1107 in
811 1068 1096 1120 Cappadociam
1118 1068 1284 1108 discedit
1303 1068 1638 1121 coniunctamque

196 1127 288 1166 huic
309 1126 614 1178 Paphlagoniam
647 1131 834 1177 occupat,
867 1126 1020 1173 celans,
1053 1138 1130 1176 qua
1159 1125 1361 1165 voluntate
1388 1131 1490 1166 esset
1510 1126 1551 1165 in
1572 1139 1637 1165 re-

197 1196 297 1235 gem.
341 1184 447 1223 Clam
469 1196 559 1223 cuin
580 1183 844 1222 Ariobarzane
866 1183 957 1222 facit
978 1182 1208 1230 amicitiam,
1240 1195 1402 1222 manum
1423 1189 1637 1234 comparat,

146 1243 170 1278 6
201 1241 320 1280 urbes
355 1241 528 1280 munitas
557 1240 637 1280 suis
666 1240 832 1279 tuendas
862 1240 992 1279 tradit.
1045 1239 1122 1279 Sed
1152 1240 1248 1279 haec
1278 1245 1442 1291 propter
1471 1240 1637 1280 hiemale

198 1305 352 1350 tempus
388 1298 520 1337 minus
555 1309 745 1349 prospere
781 1297 1061 1348 procedebant.
1112 1297 1231 1336 Audit
1265 1296 1414 1337 Pisidas
1450 1298 1636 1348 quasdam

198 1356 331 1407 copias
367 1355 551 1394 adversus
583 1367 623 1394 se
652 1367 803 1406 parare.
855 1354 997 1393 Filium
1028 1366 1073 1393 eo
1106 1354 1312 1393 Arsideum
1342 1367 1432 1393 cum
1462 1354 1637 1394 exercitu

241 1478 389 1511 Datami
413 1479 457 1511 ist
481 1478 635 1511 Genetiv.

243 1526 281 1556 in
306 1526 443 1566 quibus,
468 1519 613 1565 ‘wobei,'
638 1527 678 1555 in
700 1525 765 1565 his,
791 1534 881 1565 quae

193 1572 395 1613 perscripta
429 1571 461 1601 ei
492 1571 612 1602 mittit.
659 1569 880 1612 Eigenthiim-

196 1615 263 1648 lich
282 1615 482 1648 bezeichnet
508 1616 594 1647 haec
614 1614 668 1647 die
685 1614 879 1657 Ereignisse

194 1661 350 1703 zugleich
365 1661 416 1694 als
429 1661 546 1694 solche
555 1660 623 1693 und
638 1660 687 1693 als
701 1660 810 1693 Inhalt
820 1660 879 1693 des

195 1705 409 1740 Schreibens.
458 1706 554 1739 Noch
584 1705 775 1748 auffiilliger
803 1710 880 1748 sagt

196 1751 276 1786 Sall.
304 1753 373 1786 Cat.
401 1754 431 1793 3,
458 1753 477 1785 2
496 1752 680 1794 plerique,
705 1762 796 1794 quae
821 1752 877 1784 de-

195 1798 281 1830 licta
305 1798 592 1840 reprehenderis,
629 1797 878 1830 malevolentia

194 1846 229 1874 et
252 1845 389 1876 invidia
414 1844 512 1875 dieta
533 1846 681 1885 putant,
709 1853 762 1876 wo
789 1853 880 1885 quae

194 1889 317 1922 einmal
350 1900 391 1922 zu
425 1889 554 1921 delicta
586 1888 637 1921 als
661 1888 879 1931 Gegenstand

193 1934 252 1967 des
266 1934 389 1968 Tadels
404 1930 502 1975 (was
519 1945 597 1967 man
615 1934 665 1967 als
679 1929 875 1977 Vergehn'),

192 1979 279 2012 dann
311 1991 352 2014 zu
377 1980 475 2013 dicta
507 1980 557 2013 als
589 1979 699 2013 Inhalt
728 1980 788 2013 des
812 1978 877 2012 Ta-

192 2025 264 2058 dels
289 2021 387 2067 (was
412 2036 489 2058 man
515 2025 667 2068 getadelt
692 2024 773 2067 hat',
797 2021 875 2058 ‘den

193 2072 413 2113 ge'ausserten
433 2067 565 2112 Tadel’)
582 2071 711 2113 gesasst
728 2072 783 2104 ist.

235 2127 366 2160 magno
383 2116 464 2156 fore
474 2117 647 2159 periculo.
673 2116 706 2150 S.
721 2128 763 2150 zu
777 2117 873 2150 Eum.

191 2164 222 2203 3,
248 2165 277 2196 6.

237 2211 266 2242 5.
315 2208 374 2241 Die
415 2218 483 2241 von
519 2207 634 2251 Nepos
675 2208 873 2240 erwahnten

190 2253 376 2287 Umstande
401 2254 560 2287 scheinen
587 2253 651 2286 den
672 2252 788 2286 Abfall
813 2252 874 2285 des

189 2298 348 2333 Datames
389 2299 484 2332 nicht
524 2298 703 2341 genfigend
744 2309 786 2331 zu
824 2308 874 2331 er-

190 2344 318 2379 klaren.
344 2344 455 2378 Ueber
470 2345 597 2377 talibus
610 2355 652 2377 zu
666 2343 783 2376 Them.
799 2345 830 2385 2,
840 2345 871 2377 8.

236 2393 266 2425 6.
285 2391 509 2424 Mandrocles
526 2400 597 2423 war
610 2389 793 2431 jedenfalls
810 2388 874 2422 Be-

191 2435 385 2470 sehlshaber
416 2436 474 2469 der
507 2435 746 2469 Griechischen
776 2433 874 2468 Sold-

191 2486 335 2524 truppen
367 2482 412 2514 im
439 2481 639 2515 Persischen
669 2480 774 2522 Heer,
808 2481 874 2513 wie

191 2528 304 2568 sp'ater
328 2527 523 2571 Iphicrates.
574 2526 622 2560 Oh
665 2537 700 2559 er
724 2536 784 2559 aus
817 2525 875 2559 der

190 2571 394 2606 Landschaft
433 2572 608 2616 Magnesia
651 2572 684 2604 in
729 2571 876 2605 Thessa-

190 2615 257 2649 lien
291 2618 372 2651 oder
403 2618 494 2651 einer
519 2618 577 2651 der
602 2617 874 2660 gleichnamigen

951 1476 1070 1510 Stadte
1108 1487 1160 1510 am
1193 1476 1354 1510 M'aander
1389 1476 1459 1510 und
1492 1475 1638 1520 Sipylus

950 1533 1021 1556 war
1044 1523 1089 1556 ist
1114 1522 1207 1556 nicht
1233 1532 1275 1555 zu
1301 1521 1532 1556 entscheiden.

996 1568 1113 1601 celans
1145 1579 1215 1611 qua
1245 1579 1277 1601 u.
1312 1579 1338 1601 s.
1370 1578 1414 1602 w,
1472 1566 1636 1600 Dasselhe

949 1613 1048 1647 Wort
1072 1613 1333 1647 mit'derselben
1351 1613 1450 1646 Form
1468 1613 1527 1646 der
1542 1612 1635 1646 Rede

950 1659 1154 1692 wiederholt
1167 1659 1241 1692 sich
1255 1669 1282 1692 e.
1299 1662 1331 1700 6,
1351 1661 1378 1693 1.
1411 1658 1634 1701 Dergleichen

950 1706 995 1738 ist
1026 1705 1080 1738 bei
1111 1705 1227 1748 Nepos
1260 1703 1376 1747 haufig
1409 1703 1506 1744 (Milt.
1541 1705 1573 1746 8,
1602 1706 1633 1738 2.

948 1750 1066 1784 Them.
1086 1753 1116 1786 3.
1135 1754 1165 1784 3.
1184 1753 1216 1790 4,
1234 1753 1265 1784 4.
1283 1750 1339 1784 Ar.
1361 1753 1389 1791 1,
1407 1752 1438 1783 ⁶2.
1456 1750 1534 1794 Lys.
1553 1751 1585 1791 3,
1603 1751 1634 1783 2.

949 1799 979 1830 3.
993 1799 1025 1837 4,
1042 1796 1157 1830 1.A1c.
1181 1798 1212 1837 9,
1234 1799 1261 1829 1.
1280 1798 1311 1830 3.
1332 1799 1384 1837 11,
1403 1798 1433 1830 3.
1452 1795 1532 1829 Con.
1552 1797 1582 1833 3,
1604 1798 1632 1828 1.

948 1841 1033 1875 Dion
1062 1844 1091 1883 1,
1116 1844 1149 1876 4.
1175 1844 1206 1883 5,
1231 1844 1262 1875 5.
1289 1844 1321 1884 6,
1345 1843 1366 1875 4
1389 1853 1422 1875 u.
1445 1843 1477 1882 7,
1503 1843 1534 1875 3.
1561 1840 1633 1884 lph.

952 1891 980 1929 1,
1014 1889 1044 1920 2.
1079 1890 1109 1921 4.
1142 1887 1227 1920 Tim.
1262 1888 1293 1929 2,
1330 1889 1360 1921 2.
1387 1889 1417 1921 3.
1442 1886 1517 1920 Dat.
1544 1888 1575 1928 2,
1601 1890 1632 1919 3.

948 1936 979 1972 6,
1006 1935 1035 1967 3.
1061 1935 1093 1967 4.
1119 1935 1150 1974 6,
1175 1934 1206 1966 8.
1226 1934 1263 1975 8,
1281 1935 1301 1967 6
1319 1944 1351 1966 u.
1370 1934 1461 1974 9,1,
1479 1933 1510 1972 9,
1531 1934 1631 1965 3—5.

947 1979 1008 2022 Ep.
1034 1980 1066 2020 6,
1090 1981 1122 2012 4.
1141 1980 1172 2020 9,
1194 1982 1221 2012 1.
1240 1980 1270 2011 2.
1292 1980 1343 2019 10,
1364 1980 1392 2011 1.
1411 1979 1442 2011 2.
1462 1976 1532 2010 Pel.
1551 1978 1582 2019 2,
1600 1980 1631 2010 5.

947 2026 1010 2067 Ag.
1038 2026 1169 2065 6,1.8,
1194 2025 1223 2057 2.
1249 2023 1344 2056 Eum.
1376 2026 1402 2063 l,
1428 2025 1458 2057 5.
1484 2024 1514 2056 6.
1541 2023 1572 2064 8,
1602 2025 1630 2056 1.

946 2072 977 2110 8,
1003 2071 1034 2103 2.
1062 2071 1113 2107 11.
1140 2072 1170 2103 5.
1207 2071 1259 2109 13,
1285 2070 1315 2102 2.
1342 2071 1373 2101 4.
1414 2067 1516 2101 Phoc.
1543 2069 1573 2109 2,
1602 2070 1630 2101 1.

944 2114 1066 2148 Timol.
1104 2117 1132 2155 1,
1167 2116 1194 2147 1.
1230 2114 1271 2148 de
1304 2124 1373 2156 reg.
1412 2116 1441 2154 1,
1467 2115 1497 2147 3.
1522 2112 1629 2146 Hann.

945 2163 976 2201 9,
1009 2162 1038 2194 2.
1066 2162 1096 2194 3.
1127 2162 1178 2199 11,
1206 2163 1235 2193 1.
1263 2161 1293 2193 2.
1319 2162 1359 2203 3.ι
1377 2159 1459 2192 Cato
1484 2161 1515 2200 3,
1540 2161 1572 2192 4.
1599 2161 1629 2192 5.

942 2206 1204 2247 Att.3,9u.4‚
1227 2208 1253 2238 1.
1281 2206 1501 2247 8,1u.9,1.
1528 2205 1627 2246 15,3.
1691 2219 1695 2222 -

946 2254 998 2293 17,
1024 2253 1055 2285 3.
1082 2262 1114 2284 u.
1144 2252 1193 2292 18,
1224 2254 1263 2290 1).

988 2298 1254 2330 Ariobarzanes
1268 2296 1313 2330 ist
1322 2296 1380 2329 der
1395 2298 1426 2337 2,
1441 2298 1460 2329 5
1476 2294 1630 2328 erw'ahn—

944 2346 989 2384 te,
1014 2353 1069 2375 wo
1095 2352 1138 2376 m.
1165 2352 1191 2376 S.

988 2387 1024 2423 6.
1053 2391 1081 2422 1.
1108 2388 1293 2430 [quasdam
1325 2387 1370 2420 ist
1402 2386 1452 2419 als
1475 2385 1629 2419 Attribut

944 2445 1012 2467 von
1038 2436 1157 2476 copias
1181 2433 1258 2467 sehr
1286 2431 1625 2466 unwahrscheinlich.

944 2479 1127 2512 Entweder
1140 2479 1186 2512 ist
1200 2479 1371 2521 quosdam
1384 2479 1423 2520 (s.
1436 2476 1532 2510 Eum.
1548 2479 1579 2518 3,
1594 2479 1625 2509 5.

945 2525 1028 2559 Hirt.
1054 2525 1085 2559 d.
1108 2524 1140 2558 b.
1159 2534 1191 2567 g.
1218 2523 1297 2557 VIII.
1324 2525 1378 2564 24,
1403 2524 1436 2563 2)
1463 2522 1544 2556 oder
1564 2522 1626 2555 mit

944 2570 1082 2614 Hoppe,
1111 2569 1218 2603 Jahns
1242 2569 1356 2602 Jahrb.
1383 2567 1406 2602 s.
1431 2567 1519 2602 Phil.
1545 2567 1624 2600 CIX.

947 2619 1010 2649 559
1038 2616 1127 2649 elam
1153 2626 1195 2648 zu
1220 2614 1421 2654 schreiben.]
