1780 2877
685 104 738 137 vl.
764 88 1001 138 LYsANDER.
1039 106 1070 138 3.
1540 105 1592 142 55

151 224 240 258 rent
271 231 354 258 esse
387 218 519 266 amici⁷
545 219 612 270 qui
638 225 866 259 constantes
887 219 1054 259 fuissent
1075 218 1242 267 inimici,
1264 226 1486 270 pervertere
1508 233 1593 260 eam

151 275 389 327 concupivit.
430 276 534 315 Vidit
555 282 698 325 autem,
721 276 797 315 nisi
815 276 855 314 in
878 289 922 315 eo
947 276 1180 315 occultasset
1209 275 1462 325 voluntatem⁷
1486 279 1592 318 futu·
1613 289 1631 317 3

149 345 257 380 rum,
286 338 329 372 ut
351 333 482 372 Thasii
513 333 782 372 dilaberentur
812 333 1147 384 consulerentque
1169 332 1288 372 rebus
1310 333 1390 372 suis
1413 363 1587 374 ......

147 389 284 441 Itaque
310 390 349 428 hi
372 390 667 430 decemviralem
690 390 793 428 illam
814 395 1047 440 potestatem
1069 390 1116 428 ab
1138 389 1203 429 illo
1227 390 1480 429 constitutam
1503 404 1589 430 sus·
1606 395 1631 431 3

147 447 336 486 tulerunt.
378 447 465 493 Quo
492 447 626 486 dolore
648 446 834 485 incensus
857 446 944 484 iniit
964 446 1128 486 consilia
1149 459 1262 498 reges
1283 447 1590 486 Lacedaemoni-

149 517 262 543 orum
295 504 443 543 tollerc.
487 504 562 542 Sed
590 503 785 543 sentiebat
815 503 851 541 id
883 516 923 542 se
953 503 1039 543 sine
1074 516 1148 556 ope
1169 504 1334 543 deorum
1355 505 1484 544 facere
1506 518 1587 543 non

146 574 283 612 posse,
317 561 420 612 quod
442 560 742 599 Lacedaemonii
767 560 898 599 omnia
920 561 966 599 ad
989 561 1146 600 oracula
1167 561 1315 600 referre
1336 568 1588 601 consuerant.

144 618 320 657 Primum
342 617 573 669 Delphicum
603 630 857 669 corrumpere
885 623 943 657 est
964 623 1142 657 conatus.
1184 618 1282 658 Cum
1302 618 1340 658 id
1362 632 1444 658 non
1466 625 1584 670 potu-
1605 626 1623 658 2

145 675 257 722 isset,
290 675 493 713 Dodonam
515 675 676 714 adortus
699 681 768 714 est.
810 674 913 714 Hinc
936 687 1094 726 quoque
1116 676 1298 727 repulsus
1320 675 1416 715 dixit
1437 688 1477 715 se
1500 682 1588 715 vota

142 731 380 783 suscepisse,
413 744 512 782 quae
534 731 610 770 lovi
630 731 840 771 Hammoni
861 732 1048 780 solveret⁷
1082 732 1309 772 existimans
1331 746 1372 772 se
1394 734 1508 773 Afros
1529 734 1586 772 sa-

142 788 254 828 cilius
286 794 582 840 corrupturum.
634 789 715 828 Hac
746 802 815 840 spe
847 802 936 828 cum
966 790 1168 840 profectus
1197 796 1299 829 esset
1329 790 1369 829 in
1400 790 1581 838 Africam⁷
1603 800 1621 827 :5

141 845 309 885 multum
338 858 427 884 etun
456 845 650 885 antistites
680 846 780 885 Iovis
812 846 1049 885 fefellerunt.
1090 847 1187 886 Nam
1220 860 1302 886 non
1335 847 1463 886 solum
1492 860 1585 887 cor-

140 902 271 954 rumpi
290 915 370 941 non
389 909 620 954 potuerunt,
643 904 710 942 sed
726 903 843 942 etiam
860 903 1008 955 legatos
1024 903 1362 943 Lacedaemonem
1377 904 1583 952 miserunt,

143 959 208 1010 qui
228 959 475 1011 Lysandrum
497 966 741 1008 accusarent,
765 961 867 1011 quod
891 961 1114 999 sacerdotes
1136 961 1215 999 fani
1238 973 1495 1013 corrumpere
1516 974 1584 1001 co-

139 1023 255 1056 natus
272 1023 384 1056 esset.
423 1018 637 1056 Accusatus
652 1018 727 1056 hoc
745 1017 909 1056 crimine
927 1017 1181 1069 iudicumque
1197 1017 1402 1057 absolutus
1419 1024 1581 1057 senten·
1601 1025 1621 1057 4

140 1073 221 1119 tiis,
252 1073 526 1113 Orchomeniis
555 1073 697 1113 missus
728 1074 902 1114 subsidio
935 1074 1088 1114 occisus
1119 1080 1177 1114 est
1206 1087 1227 1114 a
1249 1074 1446 1114 Thebanis
1479 1076 1584 1127 apud

138 1150 192 1183 hei
210 1150 337 1193 Nepos,
364 1151 456 1184 nicht
471 1152 621 1194 perinde
646 1162 688 1184 ac
705 1154 746 1184 si.
788 1151 822 1186 S.

136 1196 209 1230 Alc.
229 1198 260 1237 6,
278 1198 304 1228 1.
320 1199 340 1229 4
358 1197 426 1229 und
443 1208 485 1230 zu
502 1196 582 1232 Tac.
600 1198 685 1231 Ann.
700 1196 753 1231 IV.
769 1199 822 1231 20.

182 1243 212 1275 3.
230 1241 325 1274 Nach
341 1244 446 1274 rebus
461 1245 536 1274 suis
552 1243 596 1275 ist
610 1243 684 1276 eine
698 1243 822 1286 Liicke,

136 1287 268 1320 welche
291 1287 378 1320 nach
403 1287 535 1331 Polyan
561 1299 588 1321 a.
611 1299 639 1321 a.
667 1288 703 1322 Ο.
731 1293 822 1323 etwa

134 1343 173 1366 so
199 1332 413 1366 auszufffllen
439 1334 493 1366 ist.
543 1334 669 1376 Itaque
702 1336 759 1367 his
783 1337 822 1367 *e'n

132 1380 354 1412 sanctissimo
368 1379 532 1412 Herculis
543 1379 632 1418 fano
645 1380 751 1420 fidem
765 1381 822 1413 de-

133 1425 187 1456 dit
199 1428 373 1457 neminem
391 1436 411 1457 α
425 1436 461 1458 se
473 1425 646 1458 violatum
664 1427 723 1459 iri.
752 1426 822 1467 Qui

132 1480 212 1502 cum
235 1472 311 1503 sine
335 1474 432 1503 metu
461 1474 500 1503 in
526 1472 674 1514 publico
705 1483 820 1505 versa-

131 1519 268 1558 rentur,
284 1520 366 1559 post
376 1528 515 1560 pancos
531 1517 604 1549 dies
623 1520 817 1550 maz-imam

133 1562 272 1594 caedem
287 1561 384 1601 fecit.
426 1563 503 1605 Qua
525 1574 564 1595 re
581 1563 817 1596 Lacedaemo-

130 1617 210 1639 nem
233 1607 387 1650 perlata,
413 1619 492 1641 cum
516 1611 555 1641 in
579 1611 705 1642 ceteris
730 1611 817 1642 eivi-

131 1654 264 1685 tatibus
286 1664 359 1686 non
374 1656 492 1687 minus
508 1657 647 1688 atrocia
659 1666 728 1698 per
743 1655 816 1699 Ly-

127 1698 255 1731 sandri
271 1698 447 1738 factiones
460 1703 689 1742 gererentur,
714 1711 815 1743 reges

124 1746 311 1787 potentiae
348 1747 422 1777 eius
456 1744 590 1784 infensi
625 1751 816 1780 suaserunt

127 1790 431 1832 Lacedaemoniis,
456 1794 497 1823 ut
521 1793 682 1824 civitates
705 1792 815 1824 domi-

126 1838 275 1869 natione
298 1836 482 1879 Lysandri
507 1837 711 1869 liberarent.

171 1880 210 1917 3.
238 1885 266 1915 1.
299 1883 356 1914 lli:
381 1882 436 1915 die
460 1882 732 1916 Lacedamonier.

172 1927 440 1960 decemviralem
471 1928 573 1960 illam
598 1931 814 1970 potestatem

125 1992 170 1996 —
203 1973 438 2006 sustulerunt.
493 1973 554 2007 Die
590 1973 814 2017 Beseitigung

126 2018 185 2052 der
202 2015 387 2063 δεκαρχίαι
411 2020 456 2052 ist
473 2019 758 2053 wahrscheinlich
778 2020 812 2053 in

127 2063 177 2098 01.
204 2066 258 2104 94,
284 2066 302 2097 2
327 2082 373 2094 =
396 2067 462 2099 403
493 2065 580 2098 nach
603 2065 812 2108 Aulhebung

125 2109 185 2142 der
210 2109 400 2152 Oligarchie
425 2111 460 2143 in
485 2111 599 2144 Athen
626 2110 756 2151 (Thras.
777 2113 811 2154 3)

125 2165 167 2187 zu
186 2159 312 2197 semen,
337 2166 378 2189 zu
396 2156 545 2190 welcher
564 2157 638 2190 Zeit
661 2156 715 2190 die
734 2156 810 2190 dem

125 2200 298 2243 Lysander
315 2200 498 2235 feindliche
511 2202 625 2236 Partei
642 2203 676 2235 in
688 2202 811 2246 Sparta

124 2247 291 2290 iiberwog
313 2246 412 2286 (Xen.
437 2247 524 2282 Hell.
542 2248 591 2282 111.
610 2251 642 2290 4,
662 2250 692 2282 2.
720 2248 809 2282 Plut.

124 2291 202 2335 Lys.
228 2294 282 2326 21.
306 2294 409 2335 Ages.
437 2295 480 2331 6).

170 2348 237 2379 quo
264 2338 398 2372 dolore.
448 2338 481 2372 S.
508 2349 549 2372 zu
575 2339 645 2372 Att.
674 2340 725 2381 15,
742 2340 772 2372 2.

168 2385 255 2416 iniit
280 2384 429 2417 consilia
456 2395 487 2418 u.
509 2394 534 2417 s.
554 2394 597 2417 W.
645 2383 705 2417 Die
731 2383 809 2417 Um-

124 2429 402 2473 walzungspl'ane
444 2429 503 2463 des
546 2430 637 2473 Lys,
678 2429 809 2463 welche

122 2474 224 2509 Arist.
259 2475 360 2509 Polit.
387 2475 426 2509 V.
456 2478 470 2509 1
505 2475 555 2508 als
590 2475 703 2518 wenig
735 2486 810 2508 ver-

123 2519 225 2563 hfirgt
248 2521 452 2554 bezeichnet
476 2522 530 2563 (ἐν
554 2518 811 2564 Λακεδαίμονί

123 2577 212 2608 φασι
230 2564 454 2611 Λύσανδρόν
469 2578 564 2600 τινες
584 2566 809 2612 ἐπιχειρῆσαι

893 1149 1095 1185 καταλῦσαι
1115 1150 1183 1194 τὴν
1204 1149 1422 1195 βασιλείαν),
1442 1153 1500 1186 hat
1518 1153 1583 1186 Ne-

893 1208 956 1240 pos
982 1198 1043 1231 mit
1059 1198 1254 1231 Ausnahme
1281 1197 1341 1231 des
1366 1209 1407 1231 zu
1433 1198 1491 1242 §5
1518 1198 1583 1232 Be-

892 1243 1048 1276 merkten
1062 1243 1458 1278 tibereinstimmendmit
1468 1244 1580 1287 Epho—

892 1299 947 1322 rus
962 1289 1092 1322 erz'ahlt
1103 1289 1205 1327 (Plut.
1216 1290 1293 1332 Lys.
1306 1291 1348 1323 20
1363 1300 1391 1323 a.
1406 1290 1442 1324 E.
1459 1291 1513 1324 24.
1526 1292 1579 1324 25.

893 1336 945 1367 30.
972 1335 1067 1369 Diod.
1088 1334 1174 1369 XIV.
1203 1337 1266 1376 13).
1297 1335 1358 1368 Die
1372 1335 1454 1377 hier,
1473 1335 1494 1378 ξ
1510 1337 1527 1369 2
1546 1347 1578 1369 u.

892 1383 922 1420 3,
942 1381 1115 1413 erzahlten
1127 1380 1407 1423 Begebenheiten
1424 1384 1579 1414 miissten

891 1426 1065 1459 zwischen
1091 1425 1140 1460 Ol.
1168 1428 1222 1468 94,
1241 1428 1260 1459 2
1277 1443 1323 1455 =
1339 1429 1406 1460 403
1432 1427 1502 1459 und
1527 1426 1577 1461 Ol.

889 1473 1105 1513 95‚3=398
1119 1471 1235 1506 fallen.
1270 1470 1304 1505 S.
1324 1483 1366 1505 zu
1381 1471 1401 1515 ξ
1417 1474 1447 1505 4.
1482 1472 1578 1505 Nach

888 1516 978 1551 Plut.
1003 1518 1106 1560 Ages.
1134 1519 1164 1551 8.
1191 1519 1234 1551 20
1260 1517 1366 1551 fasste
1393 1518 1473 1550 aber
1496 1518 1575 1561 Lys.

881 1564 991 1604 Jenen
1016 1562 1101 1596 Plan
1125 1566 1195 1596 erst
1220 1562 1271 1597 Ol.
1299 1565 1353 1605 96,
1378 1566 1391 1597 1
1412 1580 1458 1592 =
1476 1565 1552 1597 396.

933 1610 964 1643 2.
992 1619 1218 1652 corrumpere
1250 1608 1351 1642 kehrt
1375 1609 1462 1642 noch
1490 1609 1577 1642 drei-

884 1655 950 1687 mal
977 1655 1012 1688 in
1032 1654 1097 1688 den
1115 1655 1281 1688 nachsten
1297 1655 1414 1688 Zeilen
1436 1655 1574 1690 wieder.

885 1699 919 1734 S.
946 1711 988 1734 zu
1013 1700 1086 1734 Dat.
1116 1704 1146 1743 5,
1172 1703 1203 1736 6.

931 1747 970 1778 id
992 1745 1122 1779 konnte
1148 1756 1189 1779 an
1222 1746 1291 1780 und
1316 1746 1369 1779 fiir
1394 1746 1467 1779 sich
1491 1746 1573 1778 Del-

879 1792 1028 1834 phicum
1046 1802 1274 1835 corrumpere
1295 1791 1480 1834 umfassen,
1506 1793 1573 1826 wie

883 1836 979 1870 Eum.
996 1839 1028 1879 4,
1042 1840 1063 1871 4
1083 1837 1269 1870 Craterum
1294 1848 1459 1870 recreare
1465 1851 1478 1879 ,·
1504 1848 1573 1871 we-

885 1891 951 1924 gen
969 1882 1028 1915 des
1046 1882 1231 1925 folgenden
1245 1882 1477 1925 Gegensatzes
1491 1883 1572 1916 aber

883 1927 975 1961 kann
994 1928 1033 1960 id
1054 1928 1150 1961 bloss
1168 1927 1227 1961 auf
1240 1928 1451 1971 Delphicum
1470 1929 1570 1971 gehn,

883 1973 952 2006 und
985 1984 1027 2007 zu
1059 1984 1133 2006 non
1161 1975 1340 2017 potuisset
1371 1983 1464 2012 muss
1494 1985 1571 2007 eor-

881 2030 1048 2062 rumpere
1071 2020 1211 2062 erganzt
1238 2019 1385 2053 werden.

927 2065 1020 2097 Hinc
1051 2076 1083 2098 u.
1110 2075 1136 2099 s.
1163 2075 1206 2098 w.
1255 2065 1349 2098 Nach
1383 2065 1475 2097 einer
1510 2075 1569 2098 an-

881 2109 963 2143 dern
995 2110 1179 2144 Nachricht
1211 2110 1267 2143 bei
1300 2110 1389 2144 Plut.
1421 2110 1499 2154 Lys.
1525 2112 1567 2145 20

881 2157 972 2189 w‘are
997 2156 1171 2200 Lysander
1202 2156 1315 2199 gleich
1347 2156 1432 2189 nach
1457 2156 1568 2190 seiner

880 2201 1064 2235 Riickkehr
1081 2212 1142 2236 aus
1154 2202 1260 2235 Asien
1278 2201 1328 2235 Ol.
1343 2204 1396 2244 94,
1409 2203 1428 2235 2
1442 2219 1487 2230 =
1501 2204 1568 2236 404

881 2257 1004 2290 wegen
1037 2247 1095 2281 der
1118 2247 1299 2290 Anklagen
1331 2247 1390 2280 des
1421 2246 1568 2280 Pharna-

879 2292 986 2326 bazus
1016 2295 1055 2335 (s.
1082 2304 1110 2327 c.
1137 2296 1170 2336 4)
1204 2294 1289 2326 nach
1322 2293 1398 2326 dem
1424 2292 1567 2336 Tempel

881 2338 941 2372 des
958 2338 1123 2372 Hammon
1149 2339 1285 2382 gereist,
1311 2338 1485 2372 entweder
1509 2348 1567 2372 um

879 2384 935 2417 ein
972 2384 1167 2418 wirkliches
1200 2384 1353 2418 Gelfihde
1386 2395 1427 2417 zu
1456 2383 1565 2426 lesen,

880 2430 962 2464 oder
978 2431 1031 2463 ein
1051 2431 1185 2464 solches
1199 2429 1407 2473 vorgebend,
1425 2439 1481 2462 um
1498 2429 1564 2463 den

878 2475 1048 2509 Gesahren
1073 2476 1106 2509 in
1133 2475 1255 2519 Sparta
1280 2486 1322 2509 zu
1347 2475 1506 2517 entgehn.

924 2525 954 2554 4.
977 2521 1220 2554 Orchomeniis
1245 2532 1277 2555 u.
1293 2531 1319 2555 s.
1334 2531 1377 2554 w,
1404 2520 1455 2555 Ol.
1469 2522 1523 2561 96,
1542 2522 1562 2554 2

879 2581 919 2597 =
948 2569 1024 2601 395.
1073 2567 1150 2611 Lys.
1177 2566 1271 2599 ward
1296 2566 1389 2600 nicht
1414 2566 1479 2600 den
1505 2565 1566 2600 Or-
