1780 2877
188 135 270 173 252
775 136 944 170 EXCURS
970 136 1037 169 VII.

190 255 261 284 turn
286 262 304 284 a
329 250 498 284 sufetibus
522 251 692 283 diversum
718 249 807 293 apud
825 249 1120 293 Carthaginienses
1145 249 1275 282 nullum
1300 250 1405 284 fuisse
1421 251 1619 286 iudicemus.

188 296 283 330 Hunc
310 297 398 330 enim
423 301 613 340 praetorem
638 295 949 338 Carthaginiensem
975 295 1066 328 domi
1089 295 1171 328 item
1196 298 1233 328 ut
1257 295 1444 329 Romanum
1468 297 1622 330 iurisdic-

192 342 274 376 tioni
292 341 479 386 praefuisse
496 351 637 374 necesse
654 344 756 383 esset,
780 341 815 374 id
833 340 924 384 quod
942 350 1006 383 ego
1025 340 1106 373 olim
1131 341 1163 372 in
1181 341 1308 374 maiore
1333 341 1481 375 editione
1505 343 1620 376 statui.

188 387 233 420 At
258 388 324 422 hoc
340 388 452 431 ipsum
469 397 591 420 munus
608 386 713 419 fuisse
731 386 880 419 sufetum
898 389 931 419 et
949 396 1072 419 nomen
1094 396 1208 418 eorum
1234 385 1372 428 indicat,
1398 397 1464 430 quo
1487 389 1622 421 iudices

189 433 424 476 significantur
447 434 528 475 (quo
555 432 674 465 eodem
700 432 834 465 nomine
860 431 1018 465 consules
1043 431 1184 465 Romani
1209 435 1288 464 ante
1312 432 1500 465 institutam
1528 444 1623 477 prae-

190 482 298 512 turam
324 478 606 521 appellabantur),
632 481 665 510 et
690 477 772 510 Livii
797 477 894 511 locus
919 487 959 510 ex
976 476 1124 511 XXXIV.
1146 479 1199 518 61,
1229 479 1267 510 15
1293 487 1395 520 snpra
1419 477 1542 512 allatus
1566 479 1624 512 de-

191 528 366 558 monstrat.
416 523 594 555 Praeterea
619 532 705 565 quae
731 526 765 556 et
789 523 904 566 Nepos
930 522 1090 565 deinceps
1111 522 1132 565 §
1151 525 1169 556 5
1188 525 1221 555 et
1240 522 1352 556 Livius
1369 522 1513 556 XXXIII.
1530 526 1584 566 46,
1601 526 1621 558 8

191 569 232 603 de
264 568 492 612 vectigalibus
525 571 557 600 et
591 568 718 600 aerario
753 568 1081 610 Carthaginiensium
1113 568 1155 600 ab
1188 567 1374 601 Hannibale
1409 568 1532 602 melius
1567 569 1624 602 ad-

190 615 380 648 ministrato
413 613 581 654 referunt,
618 616 674 645 aut
708 613 878 656 quaestori
909 617 967 645 aut
1000 623 1131 646 summo
1165 614 1377 656 magistratui
1410 613 1513 647 sufeti
1545 624 1626 648 con-

190 661 342 693 veniunt.

305 705 457 747 Denique
482 704 556 746 ipsa
581 703 658 744 illa,
685 713 771 746 quae
797 703 886 746 apud
911 702 1080 746 Nepotem
1105 704 1152 736 ita
1177 703 1423 747 adiunguntur,
1454 708 1626 748 tamquam

191 763 257 783 rex
283 749 610 792 Carthaginiensium
636 759 654 781 a
676 752 846 791 praetore
870 748 1025 781 diversus
1050 748 1169 789 fuerit,
1192 753 1380 792 postquam
1402 761 1470 783 νοω
1493 750 1627 792 fuerat,

192 807 285 828 anno
310 795 465 828 secundo
491 798 525 826 et
542 796 716 835 vicesimo,
741 804 820 827 vera
845 805 912 827 non
930 797 1019 827 sunt.
1061 793 1154 832 Quae
1171 793 1313 837 Klugius
1330 805 1362 838 p.
1380 797 1423 829 73
1441 799 1475 828 et
1492 798 1532 830 97
1553 806 1627 839 per-

192 852 289 875 verse
315 841 355 874 de
381 844 493 873 aetate
510 839 708 873 Hannibalis
733 839 913 880 intellexit,
938 849 1014 872 cum
1039 839 1256 873 intervallum
1281 839 1369 873 inter
1383 844 1561 884 utramque
1579 841 1628 874 di-

192 887 356 930 gnitatem
374 886 588 919 interiectum
607 885 790 928 significari
807 888 979 928 appareat.
1021 884 1094 923 Quo
1120 885 1282 928 temporis
1307 885 1418 928 spatio
1444 886 1472 919 si
1495 896 1554 919 rex
1577 886 1628 920 fu-

191 933 276 965 isset
292 931 471 972 Hannibal,
496 931 610 975 aliqua
628 931 701 964 eius
718 931 765 964 rei
784 930 1000 973 significatio,
1028 931 1055 964 si
1073 941 1141 964 11011
1158 930 1247 973 apud
1264 930 1414 974 reliquos
1434 931 1627 974 scriptores,

193 981 284 1011 certe
309 977 399 1021 apud
423 976 607 1021 Polybium
631 976 856 1010 inveniretur:
882 987 949 1009 non
975 976 1092 1017 fuisse,
1117 980 1299 1019 antequam
1317 976 1553 1020 Carthaginem
1578 987 1630 1010 re-

193 1023 289 1065 diret,
314 1023 486 1056 silentium
505 1022 655 1056 omnium
673 1022 809 1055 evincit.
851 1021 937 1060 Quid
958 1025 1069 1055 autem
1087 1022 1237 1065 apertius
1255 1025 1308 1055 est
1332 1032 1433 1065 quam
1457 1032 1545 1064 eum,
1570 1022 1629 1066 qui

192 1069 277 1102 haec
301 1069 485 1111 scripserit,
511 1068 597 1101 falso
623 1078 742 1110 regem
766 1078 827 1111 pro
852 1070 1071 1109 imperatore
1088 1067 1268 1111 posuisse?
1293 1067 1378 1100 Nam
1398 1067 1487 1101 inter
1503 1078 1628 1101 annum

193 1125 224 1158 p.
244 1114 302 1147 Ch.
320 1125 351 1147 n.
371 1115 448 1155 221,
466 1125 534 1156 quo
552 1114 736 1156 imperator
760 1113 871 1146 factus
897 1116 948 1145 est
974 1113 1151 1155 Hannibal,
1169 1116 1204 1146 et
1225 1123 1350 1146 annum
1372 1114 1445 1156 199,
1471 1113 1528 1157 qui
1554 1123 1630 1157 pro-

194 1160 303 1192 ximus
329 1162 381 1192 est
405 1163 484 1202 post
508 1158 545 1191 P.
572 1158 760 1202 Sulpicium
787 1159 819 1192 C.
846 1159 1020 1192 Aurelium
1046 1158 1222 1199 consules,
1254 1162 1332 1202 post
1361 1169 1448 1201 quos
1472 1159 1630 1192 consules

193 1204 414 1238 Hannibalem
440 1204 577 1238 domum
602 1210 799 1237 revocatum
823 1208 1014 1247 praetorem
1039 1214 1114 1237 esse
1140 1204 1265 1237 sactum
1292 1204 1382 1247 apud
1398 1204 1567 1248 Nepotem
1584 1204 1632 1237 le—

194 1250 316 1293 gimus,
340 1250 406 1292 ipsi
430 1249 479 1282 illi
505 1249 571 1283 duo
598 1254 631 1283 et
656 1250 777 1292 viginti
803 1250 881 1282 anni
906 1249 1129 1283 intercedunt.

285 1295 334 1328 Ex
359 1296 420 1337 iis,
454 1305 540 1338 quae
566 1296 727 1338 proximis
752 1295 864 1328 verbis
891 1295 1084 1329 traduntur:
1121 1296 1165 1329 Ut
1188 1297 1281 1327 enim
1305 1295 1436 1327 Romae
1461 1295 1630 1336 consules,

193 1344 245 1374 sic
263 1340 481 1383 Carthagine
498 1344 690 1383 quotannis
707 1343 820 1373 annui
837 1342 915 1373 bini
929 1352 1030 1383 reges
1049 1342 1275 1382 creabantur,
1300 1341 1376 1382 hoc,
1401 1340 1499 1373 binos
1524 1339 1630 1373 fuisse

194 1397 292 1429 reges
310 1387 649 1429 Carthaginiensium,
673 1387 755 1420 item
772 1387 837 1420 hoc
854 1398 922 1420 uno
940 1386 1017 1420 loco
1035 1389 1126 1419 certa
1150 1385 1400 1428 significatione
1425 1385 1628 1423 declaratur;

196 1443 272 1466 cum
290 1436 401 1465 tamen
417 1432 620 1466 Aristoteles
637 1443 734 1475 reges
749 1432 1079 1474 Carthaginiensium
1096 1434 1269 1474 comparet
1287 1441 1362 1464 cum
1379 1431 1516 1473 regibus
1531 1430 1632 1464 Lace-

195 1478 448 1511 daemoniorum
465 1478 559 1518 (ἔχει,
584 1478 694 1521 inquit
712 1477 785 1511 Pol.
802 1477 838 1519 11,
861 1480 910 1518 11,
926 1473 946 1518 ἡ
968 1473 1231 1521 Καρχηδονίων
1248 1474 1415 1509 πολιτεία
1430 1474 1511 1508 τοὺς
1527 1478 1630 1518 βασι-

197 1522 265 1556 λεῖς
282 1526 341 1556 καὶ
358 1522 425 1564 τὴν
440 1526 633 1568 γερουσίαν
649 1520 826 1567 ἀνάλογον
842 1525 915 1555 τοῖς
932 1523 1005 1554 ἐκεῖ
1018 1519 1205 1565 βασιλεῦσι
1222 1523 1282 1554 καὶ
1297 1522 1487 1567 γέρουσιν),
1505 1521 1632 1563 Livius,

196 1569 362 1610 Iustinus,
388 1568 514 1602 Paulus
539 1568 709 1602 Diaconus
734 1579 810 1601 cum
835 1568 1034 1601 consulibus
1058 1567 1301 1609 Romanorum,
1326 1576 1437 1610 neque
1462 1566 1633 1599 dubitavit

197 1614 238 1647 de
264 1625 302 1648 ea
327 1624 363 1647 re
389 1615 569 1657 quisquam
594 1623 705 1657 neque
730 1613 951 1646 dubitandum
977 1616 1039 1646 est.
1080 1612 1116 1645 In
1141 1613 1291 1645 diversas
1313 1616 1426 1655 partes
1444 1611 1632 1645 discessum

198 1663 250 1693 est
274 1660 315 1692 de
340 1659 445 1692 altera
470 1669 523 1701 re,
550 1659 641 1702 quod
666 1659 767 1691 annui
794 1659 900 1691 fuisse
925 1658 1014 1701 apud
1039 1658 1207 1701 Nepotem
1233 1657 1399 1691 dicuntur.
1447 1657 1633 1691 Hendricus

197 1716 229 1748 p.
249 1707 312 1739 312
333 1708 367 1737 et
392 1704 535 1746 Klugius
560 1715 592 1747 p.
619 1707 659 1738 87
686 1705 750 1737 hoc
775 1714 854 1736 vere
881 1704 1040 1736 traditum
1067 1707 1281 1744 censuerunt,
1305 1713 1381 1736 cum
1408 1703 1551 1736 multum
1579 1702 1633 1735 tri-

196 1751 341 1783 buerent
366 1750 515 1782 Zonarae
540 1750 738 1790 consensui,
771 1749 866 1782 cuius
891 1749 974 1782 haec
999 1749 1102 1782 verba
1128 1753 1206 1782 sunt
1231 1748 1272 1781 de
1298 1748 1633 1791 Carthaginiensibus

197 1795 278 1829 VIII.
297 1795 383 1833 801.
407 1796 465 1828 131
494 1794 546 1827 ed.
571 1794 710 1834 Bonn.):
736 1792 802 1827 τὸν
825 1792 893 1840 γὰρ
918 1792 1070 1837 βασιλέα
1096 1793 1233 1827 ἑαυτοῖς
1256 1791 1384 1835 κλῆσιν
1408 1794 1549 1835 ἐτησίου
1572 1790 1632 1838 ἆρ-

197 1841 266 1883 χῆς,
290 1837 369 1873 ἀλλ’
398 1837 461 1872 σι’-κ
484 1842 545 1873 ἐπὶ
569 1842 702 1885 χρονίῳ
721 1836 917 1881 δυναστείᾳ
933 1836 1217 1885 προύβάλλοντο.
1258 1839 1377 1882 Neque
1397 1839 1561 1872 Zonaram
1578 1838 1633 1871 vel

198 1886 312 1930 potius
327 1885 477 1918 Cassium
491 1884 644 1927 Dionem,
663 1895 703 1918 ex
722 1896 789 1928 quo
807 1885 902 1918 illum
921 1896 979 1918 sua
999 1885 1126 1928 petisse
1144 1895 1231 1918 nunc
1249 1886 1336 1918 inter
1353 1894 1472 1918 omnes
1488 1887 1634 1924 constat,

197 1933 231 1965 in
250 1932 301 1965 his
318 1932 487 1973 Nepotem
505 1935 660 1964 secutum
678 1941 753 1964 esse
770 1931 853 1964 satis
875 1931 1097 1974 probabiliter
1122 1931 1241 1964 statuit
1265 1930 1494 1972 Goettlingius
1519 1933 1635 1962 noster

199 1978 240 2011 ad
257 1977 359 2010 Arist.
379 1976 450 2009 Pol.
468 1987 498 2020 p.
512 1978 590 2010 484.
606 1976 807 2020 Perpetuam
825 1976 930 2010 fuisse
947 1987 1064 2020 regum
1083 1976 1409 2018 Carthaginiensium
1427 1977 1634 2018 potestatem

198 2026 333 2066 praeter
349 2022 605 2065 Goettlingium,
624 2023 681 2066 qui
699 2033 766 2055 uno
784 2022 968 2055 Aristotele
987 2022 1113 2063 nititur,
1133 2021 1278 2054 maxime
1296 2020 1446 2054 defendit
1462 2019 1634 2053 Heerenus

201 2069 246 2106 (in
271 2068 369 2108 libro,
396 2069 449 2101 cui
474 2067 574 2101 index
601 2072 653 2101 est
670 2068 776 2100 Ideen
800 2069 888 2100 iiber
912 2068 968 2100 dle
984 2067 1115 2100 Politilc
1132 2070 1164 2099 et
1183 2077 1213 2109 q.
1233 2077 1258 2099 s.
1277 2066 1311 2100 11.
1335 2069 1362 2107 1,
1384 2068 1446 2099 135
1465 2065 1516 2098 ed.
1535 2075 1635 2108 quar-

199 2116 278 2155 tae).
321 2113 383 2152 Qui
410 2113 501 2156 quod
519 2113 716 2147 Ciceronem
733 2113 774 2146 de
790 2124 826 2146 re
843 2124 875 2156 p.
893 2113 928 2146 lI.
949 2114 1002 2155 23,
1020 2114 1063 2146 42
1085 2122 1182 2154 reges
1200 2111 1529 2154 Carthaginiensium
1555 2120 1635 2144 con-

199 2160 286 2193 ferre
311 2159 358 2192 ait
383 2169 459 2192 cum
483 2159 620 2202 regibus
646 2158 884 2199 Romanorum,
910 2158 1053 2202 primum
1078 2168 1195 2191 verum
1220 2168 1288 2190 non
1313 2160 1375 2190 est.
1424 2156 1517 2189 Nihil
1544 2156 1634 2189 enim

200 2205 282 2238 dicit
307 2205 398 2238 aliud
422 2204 487 2237 nisi
513 2204 635 2247 triplex
660 2214 770 2237 rerum
795 2204 1006 2247 publicarum
1032 2214 1148 2246 3611115,
1175 2213 1216 2235 ex
1240 2202 1358 2245 regali,
1383 2201 1550 2245 optimati,
1575 2211 1635 2244 po-

200 2250 308 2293 pulari
333 2250 494 2291 mixtum,
519 2259 697 2283 commune
723 2249 827 2282 fuisse
853 2249 1012 2283 Romanis
1038 2259 1113 2282 cum
1139 2247 1414 2281 Lacedaemoniis
1439 2250 1473 2280 et
1498 2247 1634 2280 Cartha-

201 2295 422 2337 giniensibus.
471 2294 563 2334 Quae
587 2305 640 2328 res
666 2295 691 2327 si
718 2305 816 2337 reges
842 2295 1167 2337 Carthaginiensium
1193 2303 1301 2337 usque
1334 2293 1376 2326 ad
1407 2293 1498 2326 vitae
1532 2291 1633 2324 finem

202 2341 351 2374 tenuisse
377 2344 582 2384 potestatem
606 2340 863 2381 demonstraret,
889 2341 1008 2374 eodem
1033 2343 1231 2383 argumento
1256 2349 1358 2372 unum
1377 2338 1481 2371 fuisse
1498 2337 1635 2370 Cartha-

201 2387 404 2429 giniensium
430 2390 463 2419 et
480 2386 821 2420 Lacedaemoniorum
846 2396 960 2429 regem
986 2390 1023 2418 ut
1039 2385 1266 2418 Romanorum
1292 2382 1508 2417 statuendum
1532 2386 1634 2424 esset,

201 2432 399 2474 praesertim
417 2442 492 2465 cum
509 2432 617 2465 multa
635 2432 750 2465 Cicero
770 2432 790 2473 ξ
808 2433 851 2466 43
869 2432 959 2464 dicat
984 2431 1025 2464 de
1050 2431 1149 2464 unius
1175 2433 1362 2473 potestate;
1388 2437 1499 2471 neque
1523 2427 1634 2460 minus

201 2480 292 2510 recte
317 2477 406 2519 inde,
432 2477 523 2520 quod
547 2477 661 2510 Livius
686 2487 783 2519 reges
801 2476 1128 2519 Carthaginiensium
1153 2485 1228 2509 cum
1254 2474 1452 2509 consulibus
1474 2472 1634 2505 Romanis

203 2526 385 2564 comparat,
411 2523 468 2554 alii
493 2522 651 2556 consules
676 2522 866 2566 appellant,
893 2532 952 2555 eos
978 2532 1109 2555 annuos
1134 2520 1238 2554 fuisse
1263 2521 1471 2564 probaretur.
1519 2518 1634 2561 Longe

203 2566 306 2599 etiam
331 2567 493 2601 debiliora
519 2567 584 2601 alia
603 2570 681 2601 sunt
699 2568 849 2601 eiusdem
868 2571 1075 2611 argumenta.
1117 2566 1226 2599 Grave
1243 2570 1296 2599 est
1313 2575 1427 2605 unum,
1453 2563 1544 2607 quod
1561 2563 1635 2595 Ari-

203 2611 363 2653 stoteles,
389 2613 463 2653 ubi,
489 2613 611 2657 quibus
635 2613 736 2646 rebus
762 2613 1087 2656 Carthaginiensium
1113 2615 1146 2645 et
1171 2610 1512 2644 Lacedaemoniorum
1536 2618 1634 2652 reges
1674 2633 1679 2639 .
