1780 2877
786 103 957 138 ExcURS
983 104 1036 138 Vl.
1550 102 1630 142 249

197 219 360 255 orationis
386 219 546 263 obliquae
572 223 606 252 et
631 218 790 261 directae,
817 222 854 252 ut
879 220 1078 263 scriptorem
1096 222 1155 252 aut
1170 219 1371 251 reflexivum
1389 219 1545 261 posuisse
1564 224 1632 254 sta-

195 271 310 308 tuant,
345 265 442 308 quasi
469 264 510 298 ad
536 265 681 298 alienam
707 264 912 297 sententiam
939 263 1195 308 significandam
1225 264 1478 297 coniunctivum
1506 276 1632 308 ponere

194 311 352 351 voluerit,
378 316 433 344 aut
460 310 681 344 indicativum
708 313 881 352 tamquam
908 309 1070 343 directam
1096 309 1180 361 eius,
1205 308 1245 342 de
1272 319 1340 352 quo
1358 313 1481 349 narrat,
1508 312 1632 345 oratio-

195 367 271 390 nem
296 337 511 398 referentem,
537 367 598 399 pro
624 355 794 399 personali
820 359 932 388 autem
959 355 1159 399 pronomine
1188 354 1408 388 substituisse
1432 355 1631 390 ressexivum

195 402 292 455 quasi
317 403 405 435 inter
430 412 525 436 suam
544 407 575 435 et
595 401 741 434 alienam
759 401 950 434 orationem
967 401 1126 441 medium,
1153 410 1240 443 quae
1258 400 1425 433 sententia
1445 406 1497 434 est
1515 401 1633 435 Kritzii

194 448 346 491 itemque
360 447 506 481 Walchn
532 446 662 480 emend
700 446 770 479 Liv.
790 456 821 489 p.
841 447 902 480 190
929 446 970 480 de
995 447 1072 480 loco
1098 446 1182 479 Livii
1201 445 1317 478 XXIV.
1337 447 1390 487 33,
1410 448 1440 488 6,
1466 447 1523 479 ubi
1549 447 1633 481 haec

196 494 357 537 leguntur
390 494 423 526 in
456 493 608 527 oratione
633 491 777 524 oratoris
802 490 945 525 Romani
971 492 1046 526 Nec
1071 492 1211 525 caedem
1235 490 1431 531 nefandam
1454 494 1632 525 sociorum

195 539 349 572 inultam
366 538 544 572 Romanos
554 547 745 581 passuros:
775 539 906 580 itaque,
928 541 960 570 si
978 541 1036 580 eis,
1063 549 1122 581 qm
1143 538 1240 570 adse
1253 536 1507 580 perfhcgerunt,
1533 541 1634 571 tutus

194 588 231 617 in
252 587 418 628 patriam
442 584 580 617 reditus
602 586 753 626 pateret,
780 584 899 616 caedis
924 588 1089 617 auctores
1114 584 1293 617 dedantur
1311 587 1345 616 et
1363 584 1507 616 libertas
1525 584 1633 627 leges-

195 641 261 673 que
287 631 526 674 Syracusanis
558 610 813 670 restituantur,
847 630 942 662 nzlzil
972 640 1081 662 armzs
1115 640 1203 673 opus
1231 641 1323 670 esse,·
1355 640 1422 673 quo
1448 629 1525 663 loco
1550 630 1632 663 mihi

196 676 330 719 quidem
350 674 523 708 Strothius
548 677 639 708 recte
662 674 895 717 perfugerint
911 675 1046 709 videtur
1065 675 1274 709 emendasse.
1309 674 1433 708 Verum
1452 675 1536 709 haec
1554 676 1632 709 arti-

194 721 271 754 ficia
297 721 358 762 (ita
376 721 465 754 enim
492 720 694 764 appellanda
721 720 890 761 videntur)
909 731 1125 765 nequaquam
1143 722 1300 755 omnibus
1318 721 1414 761 locis,
1439 732 1526 764 quos
1544 725 1633 755 attu-

193 766 304 808 limus,
332 766 513 799 convenire
540 770 630 799 recte
656 766 789 799 monuit
806 765 949 800 Haasius
976 770 1009 800 et
1034 767 1217 810 unicuique
1240 767 1394 810 singulos
1412 767 1631 810 perlustranti

194 812 293 845 facile
319 812 508 855 apparebit.
551 811 667 856 ltaque
693 812 742 844 sic
768 811 808 844 de
835 812 887 845 his
914 812 1131 846 statuendum
1157 816 1221 854 est,
1246 813 1437 846 subiectum
1464 813 1631 846 enuntiati

192 858 341 901 primarii
368 861 494 890 tantam
520 857 589 890 vim
616 867 772 890 exercere
799 857 900 890 etiam
924 857 959 890 in
985 858 1222 891 secundarium
1244 858 1468 900 enuntiatum,
1494 862 1531 891 ut
1549 869 1634 902 quo-

193 903 374 937 dammodo
407 903 507 936 huius
541 913 677 946 quoque
710 903 902 936 subiectum
932 914 1008 937 esse
1037 903 1208 942 videatur;
1241 904 1274 937 id
1301 903 1392 947 quod
1416 905 1578 939 ¹convenit
1602 904 1632 937 ei

193 949 327 987 rationi,
354 948 395 982 de
421 958 486 992 qua
512 949 579 981 iam
605 959 705 992 supra
731 948 888 990 diximus,
914 953 949 982 ut
976 949 1211 983 secundarium
1238 949 1451 983 enuntiatum
1478 960 1543 983 non
1563 950 1634 993 ple-

194 1005 272 1027 num
299 1004 358 1038 per
383 1004 430 1036 se,
457 994 516 1027 sed
542 1004 620 1037 pars
646 994 795 1037 primarii
821 994 1044 1035 existimetur,
1071 995 1134 1028 nisi
1162 995 1253 1038 quod
1278 995 1342 1028 hoc
1362 995 1495 1028 facilius
1521 1006 1632 1038 eoque

192 1039 466 1083 frequentissime
492 1039 530 1072 fit
556 1040 589 1073 in
612 1039 653 1072 iis
672 1040 858 1073 enuntiatis
876 1040 1095 1074 secundariis.
1122 1040 1246 1084 quibus
1264 1041 1433 1074 sententia
1449 1041 1504 1073 vel
1524 1041 1631 1074 oratio

192 1085 337 1119 subiecti
362 1085 529 1119 enuntiati
554 1085 703 1129 primarii
728 1085 881 1119 refertur.

305 1130 394 1164 Nota
427 1141 482 1164 res
514 1136 563 1164 est
599 1142 702 1164 saum
727 1141 862 1175 semper
887 1131 968 1166 dici,
1003 1132 1060 1165 ubi
1087 1132 1294 1165 contrarium
1319 1132 1363 1165 sit
1388 1131 1517 1173 alieno,
1550 1132 1632 1164 item

192 1177 407 1210 substantixe
431 1188 524 1219 suos,
550 1187 636 1220 quae
662 1176 752 1220 apud
776 1177 945 1221 Nepotem
971 1177 1132 1220 leguntur
1148 1178 1226 1221 Lys.
1249 1180 1276 1212 1
1296 1179 1314 1210 2
1341 1176 1424 1210 Non
1445 1179 1537 1210 enim
1564 1188 1633 1209 vn·-

193 1226 266 1255 tute
297 1224 355 1255 sui
387 1234 473 1255 eoee7
476 1225 583 1264 citus,
615 1223 677 1255 sed
706 1223 931 1256 vnmodestz‘a
955 1222 1092 1262 factam
1118 1227 1168 1255 est
1196 1223 1504 1265 amm-'Mammam
1535 1223 1630 1257 Eum.

195 1271 245 1303 10.
273 1270 291 1302 3
325 1270 420 1301 hunc
443 1269 650 1311 Antigonus
683 1272 937 1311 conservasset,
971 1280 999 1301 sz
1031 1280 1098 1312 per
1121 1280 1203 1301 suos
1226 1273 1313 1301 esset
1336 1269 1492 1310 Iceitum,
1523 1268 1631 1302 Hann.

192 1316 222 1357 8,
241 1316 261 1348 4
287 1325 366 1347 cum
390 1315 623 1347 multitudine
647 1315 938 1348 adversariorum
956 1317 1013 1347 sui
1029 1317 1298 1357 superarentur,
1323 1317 1407 1357 ipse,
1431 1326 1499 1357 quo
1520 1325 1633 1348 cornu

190 1371 263 1392 rem
284 1361 407 1403 gessit,
429 1359 506 1399 fuit
526 1362 704 1402 superior.
734 1373 738 1376 ’

307 1405 480 1449 Superest,
505 1408 543 1439 ut
568 1416 724 1439 moneam
746 1406 914 1449 Nepotem
932 1406 1178 1450 possessivum,
1204 1405 1296 1449 quod
1314 1410 1367 1440 est
1383 1418 1504 1449 snas,
1529 1417 1632 1451 saepe

191 1452 367 1493 adiecisse,
394 1451 449 1484 ubi
478 1451 690 1485 consuetudo
718 1452 883 1485 sermonis
901 1452 1010 1485 Latini
1028 1451 1062 1484 id
1079 1453 1236 1485 omittere
1258 1453 1403 1495 sinebat,
1428 1456 1531 1496 atque
1549 1463 1632 1485 non-

194 1507 378 1541 numquam
402 1497 461 1539 ita,
486 1501 524 1531 ut
548 1497 719 1540 positione
745 1497 879 1541 pondus
904 1497 1075 1541 quoddam
1101 1499 1130 1531 ei
1158 1498 1320 1531 tribueret
1346 1509 1406 1542 per
1427 1499 1631 1531 sententiam

195 1554 262 1576 non
288 1543 527 1585 necessarium,
552 1553 628 1576 cum
654 1543 688 1576 id
713 1547 771 1577 aut
796 1544 1030 1587 praemitteret
1056 1548 1114 1577 aut
1135 1554 1174 1577 ea
1191 1544 1372 1577 verborum
1394 1544 1632 1586 collocatione,

195 1599 295 1632 quam
322 1588 504 1629 adamavit,
529 1588 634 1622 verbo
660 1589 749 1622 inter
773 1589 1026 1623 substantivum
1053 1593 1087 1623 et
1112 1600 1299 1634 pronomen
1317 1590 1494 1623 interiecto
1512 1590 1546 1623 in
1564 1589 1632 1623 fine

193 1634 375 1668 subiceret.
417 1634 473 1667 Sic
500 1634 698 1677 saepissime
723 1635 837 1677 posuit
864 1637 956 1668 cives
978 1646 1071 1677 suos,
1096 1637 1192 1669 velut
1216 1635 1301 1669 Mitt.
1324 1640 1351 1677 1,
1378 1639 1391 1669 1
1422 1637 1530 1675 (cives
1553 1647 1633 1679 pos-

193 1684 269 1713 sent
292 1682 377 1722 sut).
404 1682 434 1721 3,
453 1683 483 1714 5.
512 1683 541 1719 7,
561 1683 591 1713 4.
620 1682 650 1722 S,
671 1683 699 1713 1.
726 1680 845 1714 Them.
865 1683 895 1721 8,
917 1683 945 1714 1.
971 1681 1049 1724 Lys.
1069 1684 1100 1724 4,
1123 1684 1148 1716 1.
1167 1684 1198 1715 4.
1225 1683 1256 1724 6,
1275 1684 1305 1716 3.
1333 1682 1413 1715 Con.
1441 1684 1472 1723 2,
1500 1685 1523 1714 l.
1550 1683 1582 1724 4,
1602 1685 1632 1716 5.

193 1725 263 1769 lph.
291 1729 322 1769 3,
349 1728 367 1760 3
395 1728 557 1765 (suorum
584 1728 743 1767 civium).
782 1726 901 1759 Chabr.
919 1728 948 1768 3,
967 1727 986 1759 2
1006 1727 1168 1766 (suoram
1186 1730 1347 1769 civium).
1383 1727 1532 1761 Timoth.
1554 1730 1582 1770 1,
1601 1729 1631 1762 3.

194 1771 254 1815 Ep.
271 1774 301 1814 3,
315 1774 346 1806 5.
363 1774 392 1813 7,
413 1775 423 1805 1
453 1773 686 1814 (suoru-mque
710 1774 865 1804 iniurias
888 1771 1061 1811 ferentem
1088 1775 1221 1805 civium
1244 1777 1279 1806 et.
1296 1775 1387 1806 cives
1403 1776 1489 1815 sui).
1528 1773 1633 1807 Phoc.

194 1818 227 1859 2,
256 1820 269 1851 1
299 1818 463 1857 (suorum
489 1819 648 1859 ez‘vimn).
697 1817 820 1851 Timol.
853 1821 878 1855 1,
905 1819 934 1852 3.
961 1816 1067 1850 Hann.
1090 1821 1118 1859 1,
1143 1819 1180 1851 2:
1207 1822 1381 1861 praeterea
1407 1820 1528 1861 copias
1550 1830 1634 1851 suas

181 1861 280 1903 Mitt.
305 1865 338 1903 4,
365 1865 384 1896 2
411 1865 510 1903 (suas
535 1865 683 1907 copias).
710 1866 740 1904 5,
766 1866 797 1897 4.
825 1863 906 1896 Cim.
934 1865 964 1905 2,
989 1865 1018 1896 3.
1045 1864 1107 1906 Ag.
1128 1865 1158 1905 3,
1182 1866 1192 1896 1
1222 1865 1354 1904 (omnis
1376 1874 1460 1896 suas
1486 1866 1634 1907 copias).

194 1908 289 1942 Eum.
309 1910 340 1952 9,
359 1912 377 1942 5
406 1911 504 1948 (suas
530 1911 755 1942 contramisse
779 1911 935 1952 οοΡίαε),ι
961 1910 1104 1942 classem
1128 1921 1230 1943 suam
1252 1909 1371 1944 Them.
1387 1911 1462 1951 3,4,
1489 1909 1634 1942 classem

196 1957 436 1988 constituisset
459 1966 558 1987 suam
584 1955 657 1988 Ale.
686 1956 715 1997 S,
744 1957 773 1996 1,
805 1955 934 1987 milites
957 1958 1015 1988 sui
1040 1955 1133 1989 Eum.
1161 1958 1192 1997 3,
1218 1957 1255 1993 6;
1288 1966 1397 1988 naves
1419 1965 1501 1988 suas
1526 1955 1632 1989 Hann.

200 2003 250 2043 11,
277 2003 315 2040 6;
350 2004 491 2044 patrem
515 2011 618 2033 sunm
644 2001 725 2034 Cim.
753 2003 784 2042 3,
814 2003 840 2034 1.
875 2001 934 2044 Ep.
963 2003 995 2043 6,
1020 2003 1056 2041 2,
1086 2003 1212 2034 matris
1235 2012 1320 2034 suae
1344 2011 1415 2044 reg.
1445 2003 1471 2034 1.
1499 2004 1528 2036 4.
1564 2001 1632 2035 Att.

199 2049 304 2087 17,1;
329 2046 443 2086 fratri
458 2057 522 2079 suo
539 2046 636 2080 Dion.
656 2049 687 2088 9,
703 2048 737 2084 22
762 2049 899 2079 sororis
914 2058 1000 2079 suae
1024 2046 1120 2081 Dion.
1140 2049 1171 2090 2,
1184 2050 1215 2089 4,
1240 2057 1399 2080 sororem
1420 2057 1634 2089 germanam

196 2102 296 2124 suam
322 2092 402 2125 Cim.
423 2094 503 2134 1,2;
532 2092 652 2125 hbem
675 2094 749 2125 suis
775 2091 876 2126 Phoc.
897 2095 924 2135 l,
938 2095 974 2132 3;
1001 2093 1113 2133 filiam
1129 2104 1232 2126 suam
1248 2103 1318 2136 reg.
1334 2095 1365 2135 3,
1384 2095 1413 2127 3.
1440 2092 1533 2126 Ham.
1550 2095 1580 2135 3,
1594 2095 1632 2132 2;

192 2141 327 2180 patruo
351 2149 416 2170 suo
442 2119 508 2181 ’Ag-
539 2141 574 2172 1.
600 2141 636 2177 4,
675 2139 847 2171 avunculi
869 2141 927 2171 sai
958 2140 1029 2174 Att.
1057 2141 1117 2181 22,
1143 2143 1180 2178 4;
1214 2140 1387 2182 privigno
1412 2150 1475 2171 suo
1516 2140 1570 2180 19,
1595 2141 1631 2178 4;

151 2212 156 2216 ,
197 2183 405 2226 aequalibus
427 2186 501 2216 suis
525 2176 584 2227 Ep.
612 2186 643 2226 2,
669 2186 699 2217 2.
734 2185 804 2217 Att.
832 2187 885 2226 16,
914 2187 949 2223 1;
975 2187 1101 2218 amicis
1123 2188 1196 2218 suis
1220 2185 1306 2218 Mill.
1333 2187 1363 2220 3
1391 2186 1420 2218 2.
1456 2183 1526 2217 Pel.
1549 2187 1577 2227 1,
1595 2187 1633 2223 4,

199 2229 352 2271 collegas
375 2240 458 2262 suos
482 2229 638 2262 Them.''
643 2232 708 2271 ,3
734 2232 1013 2283 imperatorebas
1036 2234 1110 2263 sais
1134 2231 1212 2275 Ly.s
1236 2234 1263 2271 1,
1283 2232 1318 2269 2;
1343 2232 1405 2263 sub
1430 2241 1496 2262 sna
1520 2211 1636 2263 relen-

198 2278 320 2307 turum
338 2278 551 2318 potestate
542 2274 627 2308 Milt.
653 2278 684 2312 3,
703 2277 734 2316 2,
760 2277 796 2307 in
821 2286 923 2308 suam
942 2280 1155 2319 potestatem
1180 2279 1210 2314 4,
1235 2280 1260 2318 l,
1287 2279 1323 2309 z'n
1347 2287 1413 2309 sua
1439 2279 1553 2308 tenuit
1573 2287 1636 2319 po-

198 2324 322 2353 testate
347 2321 428 2354 Cim.
456 2322 486 2363 2,
510 2324 544 2360 1;
572 2321 614 2353 de
637 2302 757 2353 redit’a
781 2332 844 2354 suo
869 2321 942 2355 Alc
958 2325 989 2364 5,
1009 2324 1043 2360 3,
1071 2323 1275 2355 dissidentis
1294 2333 1376 2355 suos
1393 2332 1514 2354 sensus
1538 2321 1634 2356 Dion.

199 2367 230 2408 8,
256 2368 291 2406 2;
324 2367 512 2399 consilium
536 2368 742 2410 aperiretur
763 2377 868 2399 suum
894 2369 925 2409 8,
952 2371 988 2405 5;
1022 2368 1153 2401 z'udzcii
1175 2371 1233 2400 sui
1256 2368 1404 2401 Timoth.
1430 2369 1462 2409 4,
1493 2369 1526 2403 1:
1553 2378 1636 2411 per-

198 2414 294 2445 iurio
317 2423 382 2445 suo
409 2412 470 2455 Ag.
497 2414 528 2455 2,
555 2415 591 2449 5;
618 2415 687 2445 iter
709 2423 812 2445 snum
836 2413 931 2446 Eum.
958 2415 990 2456 9,
1017 2415 1050 2453 63
1078 2415 1196 2447 natali
1219 2425 1282 2447 suo
1309 2414 1366 2446 die
1390 2413 1513 2447 Timol.
1540 2416 1571 2456 5,
1600 2415 1633 2452 l:

196 2458 325 2491 studiis
351 2458 564 2501 obsequendi
587 2461 661 2491 suis
692 2459 762 2492 Att.
790 2460 826 2500 2,
853 2461 890 2497 2;
926 2458 1161 2498 fortunarum
1186 2462 1331 2493 traiecit
1354 2469 1502 2492 sauram
1531 2461 1570 2501 2,
1596 2463 1634 2498 33

193 2507 431 2546 possessiones
449 2508 572 2547 posset
592 2515 674 2537 suas
703 2506 758 2546 12,
785 2506 821 2542 2;
854 2504 1017 2545 infinitas
1039 2516 1122 2538 snas
1147 2508 1397 2548 occupationes
1422 2505 1490 2538 Att.
1518 2507 1578 2547 20,
1604 2507 1634 2538 2.

200 2548 350 2592 Seclusi,
375 2554 413 2583 ut
438 2561 498 2594 par
523 2554 605 2587 erat,
636 2559 754 2583 omnes
780 2560 840 2583 eos
866 2551 971 2584 locos.
998 2551 1122 2594 quibus
1147 2552 1254 2584 maior
1279 2551 1445 2595 quaedam
1470 2551 1522 2584 vis
1547 2552 1637 2584 inest

199 2595 232 2627 in
260 2596 459 2638 pronomine
486 2596 674 2629 sententiae
700 2596 926 2632 conveniens.
953 2595 1045 2629 velut
1073 2595 1220 2631 Timoth.
1248 2599 1287 2640 3,
1314 2599 1352 2639 3,
1378 2597 1434 2630 ubi
1461 2607 1539 2629 cum
1563 2598 1637 2628 suis
