1780 2877
584 108 695 143 XXIII.
721 108 951 143 HANNIBAL.
984 111 1032 143 11.
1446 104 1524 143 195

100 228 138 266 111
161 227 329 266 Pontum
353 225 544 276 pervenit.
588 225 697 276 Apud
721 236 836 275 quem
860 224 995 262 codem
1018 223 1148 261 animo
1171 224 1239 261 fuit
1268 236 1357 274 erga
1383 223 1527 261 ltaliam

102 295 230 334 neque
251 282 352 321 aliud
376 281 584 332 quicquam
617 281 694 332 egit
726 292 840 331 (1113111
871 291 1002 330 regem
1027 278 1188 317 armavit
1209 285 1245 317 et
1268 280 1438 318 exercuit
1463 280 1527 317 ad-

100 352 234 379 versus
255 338 466 378 Romanos.
523 338 648 384 Quem
679 349 768 376 cum
799 336 945 374 videret
973 334 1196 373 domesticis
1227 335 1369 386 opibus
1401 335 1530 374 minus

101 408 184 436 esse
206 395 430 441 robustum,
464 393 695 433 conciliabat
716 398 868 431 ceteros
898 403 1028 443 rcgeS,
1060 391 1298 442 adiungebat
1325 390 1529 430 bellicosas

102 453 292 492 nationes.
343 450 558 490 Dissidebat
581 449 627 488 ab
650 461 696 487 eo
719 448 987 498 Pergamenus
1008 460 1073 486 rex
1097 447 1312 495 Eumenes,
1345 447 1530 486 Romanis

102 509 379 553 amicissimus,
416 507 640 556 bellumque
670 505 773 544 inter
805 517 872 543 eos
908 504 1118 555 gerebatur
1148 511 1185 543 et
1215 505 1310 543 mari
1341 511 1377 543 et
1407 510 1529 551 terra3

103 566 168 605 sed
191 564 398 615 utrobique
420 562 618 601 Eumenes
639 561 727 612 plus
758 560 907 599 valebat
935 567 1097 612 propter
1119 561 1386 600 Romanorum
1410 560 1532 599 50616-

104 629 242 670 tatem;
271 633 347 672 quo
370 619 491 670 magis
513 617 697 669 cupiebat
718 630 807 655 eum
830 617 1025 657 Hannibal
1047 618 1228 669 opprimi.
1269 617 1394 663 Quem
1417 617 1446 655 si
1470 629 1531 655 re-

104 678 303 724 movisset,
334 675 505 714 faciliora
526 674 599 713 sibi
621 680 749 713 cetera
772 675 854 713 sore
876 673 1150 713 arbitrabatur.
1205 675 1260 713 Ad
1283 674 1389 714 hunc
1411 674 1532 712 inter-

105 733 319 774 ficiundum
355 732 468 771 talem
507 731 593 770 iniit
633 731 839 770 rationem.
901 730 1029 771 Classe
1069 731 1205 782 paucis
1246 730 1384 770 diebus
1424 737 1535 769 erant

105 789 311 830 (1661611111.
372 788 640 840 Superabatur
661 788 816 826 navium
838 788 1106 837 multitudine3
1140 788 1229 827 dolo
1252 794 1331 826 erat
1354 799 1535 839 pugnan-

105 848 216 894 dum,
239 857 329 885 cum
352 857 422 897 par
445 857 524 883 non
548 851 646 884 esset
669 844 798 883 armis.
845 844 1051 896 Imperavit
1073 857 1189 896 quam
1209 844 1398 896 plurimas
1418 856 1535 882 vene-

107 910 217 943 natas
238 908 442 954 serpentes
462 902 565 940 vivas
585 901 714 952 colligi
737 913 880 952 easque
902 901 941 940 in
959 914 1046 940 vasa
1063 902 1192 941 fictilia
1211 902 1351 941 6011161.
1389 901 1535 939 Harum

106 972 194 999 cum
218 958 410 998 effecisset
432 970 612 1009 magnam
635 957 937 1005 multitudinem,
960 958 1021 997 die
1044 959 1142 1009 ipso,
1166 970 1242 1009 quo
1261 959 1435 997 facturus
1457 962 1538 995 erat

111 1016 241 1055 navale
264 1015 476 1066 proelium,
500 1013 717 1053 classiarios
739 1020 926 1053 convocat
950 1014 1088 1065 bisque
1109 1015 1313 1065 praecipit,
1337 1026 1474 1052 omnes
1496 1019 1538 1051 ut

108 1074 147 1112 in
171 1083 290 1111 unam
312 1071 500 1110 Eumenis
522 1071 626 1121 regis
647 1077 889 1109 concurrant
911 1083 1060 1115 navem,
1093 1083 1111 1109 a
1135 1071 1276 1109 ceteris
1297 1076 1450 1109 tantum
1477 1081 1537 1108 53-

107 1129 156 1167 115
178 1128 347 1167 habeant
367 1140 407 1166 se
428 1128 651 1166 defendere.
702 1127 741 1165 ld
774 1127 861 1166 illos
891 1127 1002 1166 facile
1023 1128 1265 1179 serpentium
1289 1126 1539 1166 multitudine

109 1190 406 1225 consecuturos.
447 1184 528 1222 Rex
550 1189 677 1222 autem
702 1184 740 1222 in
764 1195 839 1234 qua
861 1196 957 1223 nave
977 1184 1205 1232 veheretur,
1238 1190 1281 1224 ut
1303 1185 1468 1231 scirent,
1499 1194 1539 1222 56

112 1245 318 1281 facturum.
375 1240 501 1286 Quem
530 1240 561 1279 si
591 1247 655 1279 aut
678 1240 873 1291 cepissent
902 1246 969 1280 aut
988 1241 1296 1287 interfecissent,
1328 1253 1471 1292 magno
1493 1239 1539 1278 iis

111 1298 319 1350 pollicetur
340 1297 514 1348 praemio
537 1298 632 1336 sore.
690 1297 771 1335 Tali
793 1297 1065 1336 cohortatione
1087 1298 1253 1336 militum
1284 1298 1383 1336 facta
1408 1296 1541 1336 6135515

111 1355 158 1393 ab
197 1354 372 1404 utrisque
406 1354 445 1391 in
481 1354 674 1404 proelium
710 1353 929 1392 deducitur.
990 1354 1163 1400 Quarum
1200 1354 1280 1393 acie
1316 1354 1540 1398 constituta,

111 1411 338 1463 priusquam
360 1410 515 1461 signum
538 1422 694 1461 pugnae
725 1410 901 1457 daretur,
935 1410 1149 1459 Hannibal,
1181 1417 1220 1449 ut
1248 1411 1375 1462 palam
1397 1412 1543 1449 faceret

110 1467 208 1515 51115,
242 1479 319 1518 quo
350 1466 436 1505 1060
458 1466 657 1506 Eumenes
686 1472 808 1512 65561,
839 1466 1083 1505 tabellarium
1115 1468 1154 1506 in
1184 1468 1327 1518 scapha
1359 1480 1448 1506 cum
1478 1479 1542 1505 63-

111 1525 236 1563 (111660
259 1523 387 1562 mittit.
446 1522 522 1569 Qui
552 1523 618 1562 ubi
649 1524 695 1562 ad
727 1535 842 1562 naves
863 1524 1173 1563 adversariorum
1194 1524 1373 1576 pervenit
1397 1523 1543 1575 epistu-

112 1581 267 1631 lamque
297 1580 510 1618 ostendens
541 1592 581 1619 se
611 1592 742 1632 regem
776 1580 978 1631 professus
1008 1586 1065 1619 est
1095 1593 1304 1632 quaerere,
1337 1581 1466 1620 statim
1497 1580 1543 1619 ad

112 1637 331 1676 Eumenem
352 1636 542 1675 deductus
563 1642 639 1684 651,
672 1638 775 1688 quod
809 1649 926 1676 nemo
959 1637 1180 1684 dubitabat,
1213 1637 1308 1688 quin
1331 1637 1475 1688 aliquid
1497 1637 1544 1675 de

113 1706 209 1746 pace
241 1698 341 1732 esset
371 1692 573 1744 scriptum.
633 1693 873 1733 Tabellarius
904 1693 1013 1733 ducis
1046 1707 1140 1733 nave
1163 1695 1355 1733 declarata
1377 1694 1457 1733 suis
1479 1706 1544 1731 eo-

115 1751 215 1796 dem,
238 1750 342 1789 unde
365 1755 447 1788 erat
468 1762 661 1801 egressus,
683 1762 724 1789 se
746 1751 905 1801 recepit.
947 1752 995 1789 At
1016 1750 1213 1790 Eumenes
1235 1751 1360 1790 soluta
1383 1750 1546 1802 epistula

117 1807 212 1846 nibil
242 1806 280 1845 in
313 1818 355 1845 ea
385 1806 579 1857 repperit,
611 1806 684 1845 nisi
716 1819 813 1857 quae
844 1808 888 1845 ad
912 1807 1153 1846 irridendum
1176 1820 1266 1846 eum
1288 1808 1546 1858 pertinerent.

163 1927 260 1959 erga.
299 1916 333 1950 S.
360 1927 399 1949 zu
426 1917 498 1950 Ale.
525 1919 556 1959 4,
580 1919 611 1950 4.
916 1921 945 1951 5.
986 1921 1123 1950 lantum
1155 1920 1252 1950 satis.
1308 1917 1423 1951 Dieser
1456 1919 1549 1961 pleo-

164 1973 276 2005 neque
289 1962 390 1995 aliud
402 1965 589 2004 quiequam
601 1965 674 2004 egil
684 1974 799 2005 quam.

118 2007 152 2042 S.
179 2018 218 2041 zu
244 2009 305 2050 Ag.
332 2009 362 2048 2,
389 2010 419 2041 4.

165 2054 195 2087 2.
239 2053 444 2095 bellumque.
493 2053 558 2086 Der
598 2053 700 2096 Krieg
741 2053 800 2087 des

121 2098 288 2131 Eumenes
305 2098 373 2131 und
392 2097 528 2132 Prusias
555 2098 629 2132 ffillt
653 2109 708 2132 um
734 2101 799 2132 570

122 2155 150 2177 a.
165 2154 208 2176 11..
231 2146 292 2176 1⁶34
308 2154 338 2176 v,
354 2143 427 2177 Chr.
444 2143 578 2188 (Polyb.
592 2143 708 2179 XXIV.
728 2147 798 2179 1.3.

122 2189 191 2222 [ἰν.
211 2188 359 2221 XXXIX.
378 2191 432 2230 46,
450 2191 495 2229 9).

167 2239 198 2267 3.
237 2244 304 2276 quo
337 2236 452 2275 magis
478 2254 518 2258 -—
545 2238 702 2278 opprimi
733 2235 802 2268 und

123 2290 222 2322 quem
243 2298 282 2302 -
303 2280 560 2312 arbitrabatur.
601 2280 633 2312 S.
660 2291 699 2313 zu
718 2280 801 2313 Dion

124 2328 154 2358 (ἰ.
167 2328 196 2358 4.
224 2323 283 2357 Die
296 2334 363 2357 von
379 2323 575 2358 Fleckeisen
592 2328 633 2365 (a.
646 2335 672 2358 a.
686 2324 721 2358 Ο.
737 2327 801 2358 313

126 2372 221 2403 Anm.
236 2372 269 2410 5)
284 2370 574 2413 vorgcrschlagene
588 2369 803 2413 Umstellung

125 2415 184 2448 des
209 2414 327 2448 Satzes
353 2425 421 2457 quo
446 2435 489 2439 —
517 2417 688 2458 opprimi,
722 2416 804 2449 wel-

127 2460 209 2493 cben
243 2460 296 2493 die
326 2459 400 2493 Hss.
434 2471 495 2493 vor
528 2461 589 2493 sed
619 2462 805 2504 utrobique

127 2505 255 2547 haben,
289 2506 328 2537 ist
364 2505 423 2539 des
449 2505 651 2540 Gedankens
685 2516 805 2549 wegen

128 2551 294 2584 durchaus
320 2551 551 2595 notbwendig.

871 1963 1040 1996 nastiscbe
1054 1962 1232 1996 Ausdruck
1255 1963 1359 1997 findet
1374 1963 1446 1996 siclt
1462 1964 1546 1997 auch

870 2008 923 2040 bei
951 2008 1066 2042 Cicero
1092 2008 1289 2051 einigemal:
1316 2020 1346 2052 p.
1375 2007 1468 2042 Sulla
1498 2012 1549 2050 13,

871 2055 912 2086 39
949 2053 1040 2086 illud
1074 2055 1163 2086 milti
1199 2057 1337 2086 lantum
1376 2057 1463 2087 salis
1500 2058 1549 2086 ρει

871 2103 995 2132 contra
1022 2099 1158 2132 Sullam
1183 2100 1278 2132 nihil
1300 2111 1371 2132 esse
1396 2102 1434 2132 ιή
1459 2101 1550 2132 indi-

871 2147 936 2177 cio.
980 2143 1054 2187 Vgl.
1082 2145 1167 2178 auch
1192 2145 1263 2178 Alc.
1291 2148 1328 2187 4,
1354 2148 1373 2179 4
1400 2145 1491 2177 elam
1514 2158 1550 2177 se

869 2190 1043 2223 subduaez't
1076 2190 1143 2224 und
1182 2193 1218 2232 6,
1245 2194 1262 2224 5
1301 2202 1426 2223 rursus
1457 2202 1551 2223 resa-

871 2247 983 2267 erare.

917 2284 947 2315 6.
982 2283 1018 2313 [η
1053 2292 1122 2323 qua
1153 2292 1241 2313 nave
1267 2283 1454 2314 velleretur
1488 2282 1551 2315 wie

873 2326 992 2360 Chabr.
1012 2329 1043 2359 4.
1062 2328 1092 2359 3.
1131 2326 1239 2359 Plaut.
1259 2326 1380 2359 Bacch.
1399 2326 1421 2360 1.
1452 2329 1479 2365 1,
1499 2329 1552 2361 73.

873 2371 939 2404 Cic.
966 2371 1007 2403 de
1033 2376 1100 2404 nat.
1127 2371 1216 2405 deor.
1244 2371 1292 2404 III.
1319 2375 1372 2406 37.
1393 2376 1445 2406 59.

918 2417 972 2451 ll.
990 2419 1016 2449 1.
1034 2416 1222 2449 (ledztcz'lm-
1237 2416 1303 2449 und
1317 2418 1336 2458 ἓ
1352 2419 1369 2450 2
1385 2417 1555 2449 deduc-lus

875 2465 945 2504 est,
978 2464 1136 2504 repperit
1161 2461 1227 2495 und
1252 2464 1450 2504 reperiebat
1475 2464 1495 2503 ,Q
1523 2467 1552 2496 3.

877 2506 910 2539 S.
937 2517 975 2540 zu
1002 2505 1075 2540 Dat.
1102 2510 1132 2549 5,
1159 2509 1189 2541 6.

927 2552 1095 2595 Quarum,
1121 2552 1220 2585 11111111.
1248 2553 1417 2587 classium.

1292 2611 1352 2643 13*ι

1562 342 1579 373 Ιύ

1565 1300 1606 1334 11
