1780 2877
688 119 790 153 XXV.
815 119 1014 155 ATTICUS.
1045 123 1077 154 4.

1523 121 1604 161 209

159 234 332 286 primum
368 234 464 274 illud
499 247 646 275 munus
681 236 886 284 fortunae,
925 237 1029 287 quod
1066 236 1107 274 in
1143 248 1187 274 ea
1221 237 1472 287 potissimum
1506 239 1604 279 urbe

162 297 278 330 natus
309 296 385 339 est,
419 291 458 330 in
483 304 557 343 qua
581 292 823 331 domicilium
855 292 962 331 orbis
993 297 1189 332 terrarum
1221 298 1323 332 esset
1353 293 1528 345 imperii,
1561 303 1604 335 ut

160 348 324 387 eandem
347 354 384 387 et
404 348 572 400 patriam
593 349 757 388 haberet
777 354 815 387 et
832 349 993 388 domum
1001 362 1011 398 ;
1042 349 1118 388 hoc
1135 349 1336 401 specimen
1353 351 1601 402 prudentiae,

161 405 279 456 quod,
305 418 395 445 cum
418 405 458 444 in
481 418 566 445 eam
588 418 628 445 se
651 405 846 445 civitatem
869 405 1114 454 contulisset,
1139 418 1238 457 quae
1259 406 1506 458 antiquitate,
1528 409 1602 447 hu-

158 462 346 501 manitate
367 463 626 513 doctrinaque
647 467 868 514 praestaret
889 475 1039 510 omnes,
1062 475 1166 502 unus
1188 463 1223 502 ei
1244 463 1318 503 fuit
1339 464 1576 505 carissimus.

274 518 360 558 Huc
384 532 430 558 ex
450 519 540 558 Asia
562 519 669 557 Sulla
691 519 886 558 decedens
908 532 999 559 cum
1021 519 1205 569 venisset,
1228 521 1416 572 quamdiu
1436 521 1491 561 ibi
1512 522 1597 570 fuit,
1628 520 1653 556 4

158 589 294 615 secum
314 576 452 615 habuit
473 576 760 627 Pomponium,
791 582 930 628 captus
950 577 1214 617 adulescentis
1236 582 1274 617 et
1295 578 1539 618 humanitate
1562 586 1599 618 et

158 633 351 672 doctrina.
403 633 467 671 Sic
498 632 604 671 enim
627 632 776 672 Graece
805 633 1061 685 loquebatur,
1094 640 1138 674 ut
1160 635 1324 675 Athenis
1358 640 1474 676 natus
1495 636 1602 675 vide-

158 695 289 739 retur;
321 695 428 728 tanta
457 695 587 729 autem
617 690 786 730 suavitas
816 696 900 730 erat
929 692 1126 731 sermonis
1145 692 1297 740 Latini,
1330 699 1373 732 ut
1393 700 1603 745 appareret

157 747 197 785 in
221 759 266 785 00
289 746 465 786 nativum
487 747 686 798 quendam
707 748 884 800 leporem
907 761 1011 796 esse,
1041 762 1122 788 non
1145 750 1323 789 ascitum.
1376 751 1484 790 Idem
1504 758 1602 803 poe·-

156 809 259 842 mata
278 804 563 855 pronuntiabat
586 810 624 843 et
645 804 792 844 Graece
814 811 853 844 et
874 805 1014 845 Latine
1037 806 1111 853 510,
1143 812 1186 846 ut
1208 820 1328 859 supra
1350 807 1448 847 nihil
1469 814 1604 859 posset

155 903 304 925 ner-osus
321 904 428 935 quam
439 896 658 936 pecuniosus
674 905 705 927 u.
720 894 842 927 Aehnl.

154 938 292 972 Ebenso
310 939 442 972 verhalt
466 950 503 972 es
523 939 595 973 sich
613 939 676 972 mit
692 939 768 972 dem
787 940 845 973 be-

156 983 308 1017 kannten
333 987 433 1017 urbis
457 984 526 1018 und
552 986 648 1018 orbis
679 996 706 1019 0.
731 987 785 1027 20,
812 989 843 1027 5,

158 1029 320 1063 wahrend
356 1030 416 1063 das
447 1029 740 1073 Hierhergehoren
776 1042 844 1065 von

156 1075 209 1107 ali
231 1078 429 1118 augerique
454 1075 557 1109 Phoc.
586 1079 614 1118 1,
634 1079 665 1110 4.
716 1079 843 1109 auctus

155 1121 369 1164 adiutusque
409 1122 456 1155 ib.
487 1123 525 1163 2,
558 1124 577 1156 3
614 1122 742 1155 wieder
775 1133 844 1156 von

157 1166 216 1200 der
233 1169 320 1200 stets
337 1167 616 1201 schwankenden
625 1167 842 1211 Aussprache

156 1212 216 1245 des
241 1224 290 1245 au
314 1213 476 1256 abhangt.
521 1212 627 1246 Sonst
651 1214 710 1247 hat
727 1213 844 1257 Nepos

156 1268 199 1291 an
213 1259 348 1301 achten,
358 1259 558 1292 bewussten
569 1259 843 1300 Alliterationen,

155 1304 287 1337 welche
313 1304 386 1337 sich
411 1304 513 1338 meist
529 1305 617 1338 311011
635 1305 691 1338 1101
707 1305 844 1339 Andern

155 1349 416 1392 wiederfinden‚
442 1353 600 1393 pecunia
626 1355 660 1384 et
677 1353 843 1393 potentia

154 1394 256 1429 Paus.
275 1397 306 1438 3,
325 1398 357 1430 5.
384 1396 440 1428 vel
460 1398 500 1428 in
528 1397 622 1428 vitiis
650 1397 704 1428 vel
718 1398 756 1429 in
776 1399 844 1429 vir-

157 1442 292 1474 tutibus
315 1441 388 1475 Alc.
413 1443 440 1483 1,
461 1444 489 1475 1.
537 1445 610 1474 oris
634 1445 742 1485 atque
766 1454 847 1475 ora-

156 1488 266 1519 tionis
300 1489 336 1529 1,
363 1489 393 1521 2.
443 1498 516 1520 non
546 1489 667 1520 minus
699 1490 737 1521 in
773 1490 846 1521 vita

157 1543 262 1574 quam
280 1535 375 1566 victu
396 1535 424 1574 1,
439 1535 469 1567 3.
498 1535 588 1565 vires
608 1536 846 1576 virtutemque

154 1577 274 1611 Thras.
296 1581 324 1619 1,
342 1581 374 1612 4.
402 1580 594 1612 virtutibus
613 1582 758 1622 vitaque
782 1580 844 1623 Ep.

158 1626 210 1666 10,
225 1626 256 1657 4.
290 1626 389 1656 victu
400 1644 425 1648 —
437 1627 566 1657 vestitu
578 1625 642 1668 Ag.
657 1627 687 1666 7,
702 1629 732 1659 3.
760 1626 846 1658 data

154 1689 182 1693 —
200 1669 298 1702 dicta
316 1669 413 1704 Eum.
431 1672 462 1711 2,
481 1672 511 1704 2.
545 1669 643 1709 fame
665 1670 846 1714 fatigatus

157 1716 210 1758 12,
233 1718 264 1749 4.
307 1716 400 1758 leges
427 1716 695 1758 libertatemque
719 1716 843 1751 Timol.

155 1763 187 1803 3,
201 1763 232 1795 2.
268 1761 365 1801 fame
390 1772 497 1804 quam
521 1761 622 1801 ferro
646 1761 741 1795 Ham.
760 1764 792 1804 2,
812 1765 843 1796 4.

152 1807 240 1839 salis
257 1818 364 1850 quam
375 1810 538 1850 sumptus
550 1808 622 1841 Att.
637 1810 688 1849 13,
699 1809 729 1842 2.
750 1810 845 1840 vocis

155 1856 260 1896 atque
299 1853 417 1886 vultus
450 1855 509 1894 22,
542 1856 567 1887 1.
616 1855 706 1893 flens
738 1856 845 1896 atque

154 1899 321 1932 osculans
351 1902 475 1932 oraret
506 1902 613 1941 atque
647 1901 847 1932 obsecraret

154 1946 248 1987 22‚2.
272 1945 370 1978 Auch
383 1944 456 1979 Alc.
472 1947 522 1987 11,
538 1949 558 1978 4
575 1945 674 1978 weist
689 1945 847 1978 vinolen-

154 1993 210 2023 tos
233 1992 407 2033 rebusque
434 1992 586 2023 veneriis
615 1991 756 2024 deditos
786 1990 846 2024 auf

156 2035 210 2069 die
235 2036 660 2079 Zusammengehorigkeit
694 2048 762 2070 von
795 2038 844 2069 υί-

154 2092 240 2114 num
267 2082 335 2116 und
361 2093 469 2115 venus
494 2082 552 2115 hin
583 2082 651 2116 und
683 2082 844 2116 alliterie-

154 2127 259 2160 rende
284 2127 506 2170 Verbindung
539 2138 608 2162 von
637 2129 745 2161 semel
775 2127 844 2161 und

153 2175 296 2216 saepius
320 2173 381 2216 Ep.
402 2175 433 2215 7,
451 2176 470 2208 3
496 2173 541 2207 ist
563 2174 650 2207 311011
672 2177 770 2208 501151
786 2174 845 2207 be-

155 2221 269 2261 zeugt.
294 2218 357 2251 Bei
375 2221 525 2251 victores
544 2221 746 2262 viguerant,
764 2231 845 2263 per-

134 2266 277 2303 ⁴territi
302 2275 430 2307 pacem
459 2268 622 2307 peterent
651 2265 727 2299 Ale.
754 2269 786 2307 5,
811 2268 842 2299 5.

152 2312 256 2353 prius
281 2313 442 2352 cogitare
467 2321 574 2352 quam
604 2313 732 2343 conari
762 2321 844 2343 con-

153 2359 286 2389 suesset
309 2356 384 2390 Dat.
399 2358 430 2398 7,
451 2358 478 2389 1.
506 2357 668 2389 coniectu
693 2356 844 2389 telorum

157 2401 342 2441 confossus
360 2402 521 2435 concidit
539 2401 611 2435 Pel.
626 2404 658 2442 5,
672 2404 704 2436 4.
731 2404 845 2435 corri-

150 2457 239 2490 pere
272 2451 379 2491 atque
412 2447 601 2490 complecti
632 2447 728 2481 Eum.
755 2450 786 2490 2,
812 2450 843 2482 3.

156 2492 372 2526 dissensione
397 2494 567 2526 disiectus
591 2493 661 2526 Att.
685 2496 716 2535 8,
731 2495 751 2526 4
777 2493 845 2534 (die

155 2537 330 2583 Beispiele
347 2540 462 2573 lassen
479 2539 552 2572 sich
567 2539 673 2572 leicht
687 2549 743 2572 um
754 2538 844 2572 viele

154 2585 369 2627 vermehren)
390 2585 492 2629 spielt
512 2595 540 2618 Ζ.
560 2584 624 2619 Th.
650 2584 709 2618 der
733 2584 845 2618 Zufall

227 2645 382 2672 Cornelius
401 2646 499 2680 Nepos
518 2645 580 2681 (Gr.
601 2646 647 2680 Α.)
675 2648 704 2675 2.
723 2646 798 2673 Aun.

915 895 991 933 mit;
1020 896 1096 928 vela
1117 898 1228 929 ventis
1246 897 1334 929 dare
1362 896 1541 939 Hann.8,2
1558 898 1604 930 ist

915 941 1183 984 unumg'anglich
1215 942 1286 975 und
1310 945 1480 975 iumentis
1505 944 1605 975 iunc-

916 988 962 1018 tis
998 986 1122 1021 Timol.
1149 989 1181 1029 4,
1211 989 1242 1021 2.
1288 999 1417 1031 pugna
1435 991 1605 1031 pugnata

914 1030 1021 1065 Hann.
1041 1035 1072 1074 5,
1094 1035 1108 1066 1
1139 1033 1292 1066 beruhen
1317 1034 1377 1067 auf
1400 1033 1459 1066 der
1484 1034 1605 1067 Forma

916 1078 1158 1121 etymologica.
1194 1078 1355 1122 Dagegen
1380 1079 1426 1112 ist
1452 1078 1605 1113 offenbar

914 1123 1108 1157 bewusster
1144 1124 1213 1157 und
1252 1124 1434 1167 gewollter
1471 1124 1605 1158 Gleich-

914 1168 1020 1212 klang
1059 1180 1133 1202 non
1174 1172 1290 1213 magis
1335 1181 1458 1203 amore
1498 1181 1606 1213 quam

913 1225 1013 1248 more
1039 1215 1122 1248 Cim.
1145 1218 1172 1257 1,
1191 1217 1221 1249 2.
1256 1215 1317 1248 Die
1336 1215 1443 1250 Sucht
1461 1216 1521 1249 des
1539 1216 1606 1250 Ne-

914 1271 977 1303 pos
995 1260 1101 1294 durch
1127 1261 1331 1295 Antithesen
1356 1261 1426 1294 und
1447 1262 1604 1295 ’311111101ιο

913 1305 1277 1350 Wortverbindungen
1310 1307 1429 1340 50111011
1463 1307 1529 1341 Stil
1562 1319 1605 1341 zu

914 1352 1026 1385 zieren
1052 1352 1227 1386 befordert
1244 1352 1464 1396 dergleichen
1488 1353 1523 1386 in
1545 1354 1606 1387 110-

915 1398 994 1431 hem
1019 1397 1139 1431 Grade.
1188 1397 1268 1432 Man
1294 1398 1399 1432 werse
1428 1399 1464 1431 in
1488 1398 1605 1442 Bezug

917 1443 1116 1477 daraufnur
1133 1443 1233 1477 einen
1247 1443 1347 1477 Blick
1364 1444 1398 1477 in
1412 1444 1466 1478 die
1478 1444 1605 1478 Schrif-

917 1493 975 1522 ten
1001 1489 1060 1522 des
1087 1488 1243 1532 Tacitus,
1278 1489 1401 1524 dessen
1426 1490 1606 1524 Germania

916 1546 944 1569 z.
956 1534 994 1568 Β.
1003 1534 1075 1568 voll
1084 1534 1541 1578 derartigerAlliterationen
1550 1536 1603 1569 ist.

962 1583 992 1614 3.
1022 1591 1153 1613 munus
1175 1580 1359 1620 fortunae.
1407 1580 1520 1615 Ueber
1544 1581 1603 1615 das

917 1625 1076 1660 fehlende
1102 1629 1154 1659 est
1179 1638 1205 1661 s.
1224 1637 1266 1661 zu
1284 1627 1402 1660 Thras.
1422 1630 1453 1669 3,
1472 1629 1503 1661 2.

962 1672 1184 1706 domicilium
1201 1692 1245 1696 —
1264 1674 1416 1716 imperii.
1443 1673 1510 1707 Cic.
1521 1673 1563 1706 de
1580 1673 1601 1706 l.

916 1728 985 1760 agr.
1001 1718 1022 1751 Ι.
1038 1721 1070 1760 6,
1088 1720 1128 1752 19
1156 1719 1322 1751 videbant
1345 1721 1468 1752 urbem
1491 1721 1604 1762 ipsam

916 1765 1067 1805 imperio
1078 1764 1302 1796 domicilium
1308 1767 1483 1807 praebere
1491 1766 1612 1808 posse.>

962 1812 997 1840 et
1026 1812 1186 1851 patriam
1218 1811 1365 1842 liaberet
1393 1814 1428 1843 et
1451 1811 1604 1843 domum.

916 1854 1020 1887 Jenes
1058 1854 1260 1888 bezeichnet
1296 1855 1382 1888 Rom
1423 1856 1474 1889 als
1511 1856 1605 1889 seine

915 1899 1074 1933 Heimath
1100 1900 1204 1933 durch
1229 1900 1359 1934 Geburt
1383 1901 1466 1944 (vgl.
1481 1900 1604 1935 Timol.

920 1948 947 1987 1,
970 1948 982 1979 1
1015 1947 1196 1988 patriam,
1221 1948 1259 1978 in
1284 1957 1356 1988 qua
1380 1950 1459 1979 erat
1482 1950 1603 1989 natus)

916 1991 985 2024 und
1010 1991 1116 2024 durch
1141 1991 1387 2034 Biirgerrecht,
1416 1992 1529 2025 dieses
1554 1992 1605 2026 als

916 2037 1034 2070 50111011
1060 2037 1292 2080 eigentlichen
1309 2037 1502 2079 Wohnsitz,
1528 2038 1605 2071 dem

915 2082 973 2116 der
1003 2083 1307 2125 vorubergehende
1332 2083 1536 2117 Aufenthalt
1569 2084 1605 2116 in

914 2129 1027 2161 Athen
1055 2130 1317 2171 (peregrinatio
1345 2140 1372 2162 0.
1399 2131 1430 2170 2,
1460 2131 1494 2170 3)
1533 2134 1606 2169 ent-

915 2178 1163 2217 gegengesetzt
1183 2174 1278 2208 wird.
1306 2174 1382 2207 Wie
1399 2174 1459 2208 das
1478 2178 1604 2209 erstere

915 2220 969 2253 die
998 2220 1243 2254 unmittelbare
1268 2220 1373 2263 Folge
1406 2220 1517 2254 seiner
1542 2220 1606 2255 Ge-

914 2266 993 2299 burt
1018 2266 1053 2299 in
1079 2265 1164 2299 Rom
1190 2277 1281 2309 war,
1306 2277 1345 2300 so
1372 2266 1431 2299 das
1462 2266 1604 2300 letztere

916 2311 969 2344 die
995 2311 1200 2346 mittelbare.

961 2356 998 2392 4.
1022 2359 1051 2391 1.
1078 2357 1155 2390 Huc
1180 2369 1226 2390 eoe
1243 2358 1342 2390 Asia.
1368 2368 1397 2391 3.
1416 2369 1447 2391 u.
1467 2360 1545 2399 670,
1572 2369 1604 2392 ν.

917 2403 991 2436 Chr.
1011 2405 1064 2436 84.

963 2448 1132 2480 decedens
1157 2448 1226 2481 und
1250 2448 1272 2491 ξ
1294 2450 1312 2481 2
1339 2449 1514 2482 deducere
1540 2449 1604 2482 wie

917 2494 998 2527 Cato
1030 2497 1057 2535 1,
1076 2496 1109 2528 4.

963 2541 1186 2572 humanitate
1212 2543 1244 2571 ei
1270 2539 1448 2572 doctrina.
1476 2539 1606 2574 Diesel-

917 2586 983 2618 ben
998 2584 1116 2618 Worte
1133 2584 1216 2617 kurz
1235 2585 1368 2619 vorher.
1389 2585 1423 2619 S.
1438 2585 1511 2619 Dat.
1528 2589 1559 2629 5,
1573 2589 1604 2620 6.

1358 2644 1399 2676 14
