1780 2877
679 126 746 160 Vll.
773 125 1033 160 ALCIBIADES.
1068 128 1098 160 3.
1559 125 1614 164 59

176 255 268 283 nem
294 242 385 281 facit
410 242 518 281 Plato
552 242 591 281 in
622 243 833 295 symposio.
876 242 1053 294 Namque
1085 253 1175 281 eum
1198 241 1351 280 induxit
1372 254 1616 282 commemo-

172 305 327 339 rantem
344 313 384 339 se
401 305 655 351 pernoctasse
670 312 761 339 cum
783 300 945 338 Socrate
967 311 1095 350 neque
1116 298 1227 337 aliter
1248 297 1296 336 ab
1318 310 1364 336 60
1387 300 1614 347 surrexisse,

173 370 217 397 ac
233 357 337 396 filius
354 370 374 395 a
389 362 551 408 parente
567 356 759 396 debuerit.

800 356 1061 406 Posteaquam
1080 355 1283 395 robustior
1299 360 1357 394 est
1370 355 1508 404 factus,
1530 369 1611 395 11011
1633 364 1651 395 3

171 414 305 454 minus
320 414 464 454 multos
480 413 620 453 amavit
628 426 637 462 ;
660 413 701 452 in
718 425 888 464 quorum
905 425 1050 461 amore,
1074 413 1202 463 quoad
1222 411 1372 451 licitum
1394 418 1453 451 est
1474 413 1613 461 otioso,

171 471 294 511 multa
310 471 472 511 delicate
493 471 703 521 iocoseque
725 470 830 517 fecit,
854 482 953 521 quae
974 470 1224 518 referremus,
1257 469 1332 509 nisi
1362 469 1509 508 maiora
1542 483 1614 522 po-

169 528 269 568 tiora
290 528 536 568 haberemus.

284 585 392 625 Bello
414 583 705 636 Peloponnesio
727 584 844 623 huius
865 583 1028 623 consilio
1051 589 1168 635 atque
1195 583 1426 623 auctoritate
1449 583 1612 622 Atheni·
1637 586 1662 623 3

170 656 285 682 enses
299 642 446 681 bellum
464 641 721 693 Syracusanis
743 641 991 685 indixerunt:
1013 642 1060 680 ad
1078 641 1183 692 quod
1201 641 1417 692 gerendum
1435 640 1518 692 ipse
1536 641 1615 680 dux

169 700 343 739 delectus
365 704 442 747 est,
466 699 543 737 duo
564 703 767 750 praeterea
790 698 961 750 collegae
983 699 1084 747 dati,
1113 698 1221 737 Nicia
1243 704 1281 737 et
1301 697 1532 737 Lamachus.
1569 698 1612 737 Id
1632 707 1650 739 2

167 769 257 795 cum
279 762 549 808 appararetur,
572 755 804 807 priusquam
827 755 961 795 classis
982 756 1126 804 exiret,
1149 755 1308 803 accidit,
1331 761 1375 794 ut
1394 768 1473 794 una
1494 761 1612 794 nocte

168 825 306 853 omnes
326 813 508 861 Hermae⁷
532 813 598 864 qui
620 813 660 852 in
684 813 828 865 oppido
851 819 963 852 erant
984 812 1160 862 Athenis,
1185 813 1437 852 deicerentur
1457 819 1614 864 praeter

165 883 303 919 unum,
328 871 395 922 qui
417 876 508 910 ante
531 870 688 909 ianuam
710 876 793 910 erat
814 871 1021 910 Andocidi.
1062 871 1198 921 Itaque
1220 870 1285 909 ille
1306 875 1443 922 postea
1459 870 1614 909 Mercu-

163 927 247 967 rius
265 927 477 967 Andocidis
492 927 684 967 vocitatus
700 933 771 967 est.

813 927 897 967 Hoc
920 941 1009 967 cum
1031 932 1239 979 appareret
1260 939 1343 966 non
1366 927 1451 966 sine
1472 939 1614 979 magna
1631 934 1649 966 3

164 985 380 1024 multorum
411 985 675 1024 consensione
706 997 790 1024 esse
810 985 974 1033 factum,
1007 997 1106 1036 quae
1129 997 1211 1023 non
1234 985 1280 1022 ad
1303 983 1513 1035 privatam,
1544 985 1612 1023 sed

163 1042 360 1094 publicam
383 1054 466 1081 rem
488 1042 726 1094 pertineret,
756 1054 923 1093 magnus
945 1041 1189 1081 multitudini
1209 1041 1328 1080 timor
1350 1046 1408 1080 est
1429 1041 1610 1089 iniectus,

163 1112 214 1138 ne
237 1112 312 1150 qua
332 1098 542 1151 repentina
561 1099 618 1138 vis
639 1099 679 1137 in
697 1099 850 1138 civitate
872 1099 1089 1147 exsisteret,
1112 1111 1210 1150 quae
1232 1098 1453 1137 libertatem
1475 1099 1611 1150 oppri-

161 1161 287 1195 meret
308 1156 458 1208 populi.

501 1156 585 1195 Hoc
614 1156 782 1195 maxime
813 1156 1028 1196 convenire
1057 1156 1097 1195 in
1121 1155 1361 1195 Alcibiadem
1390 1155 1608 1203 videbatur,
1629 1164 1648 1197 4

163 1214 269 1264 quod
291 1219 329 1252 et
350 1213 552 1265 potentior
574 1218 612 1252 et
632 1214 758 1253 maior
780 1226 896 1265 quam
918 1213 1093 1266 privatus
1115 1213 1423 1253 existimabatur.
1465 1213 1610 1252 Multos

162 1270 268 1309 enim
290 1270 522 1309 liberalitate
540 1270 778 1319 devinxerat,
802 1271 936 1323 plures
953 1271 1070 1310 etiam
1093 1283 1212 1323 opera
1233 1270 1384 1309 forensi
1406 1283 1499 1310 suos
1520 1271 1610 1310 red·

161 1328 322 1367 diderat.
366 1327 452 1374 Qua
483 1340 525 1366 re
558 1327 697 1377 fiebat,
730 1333 774 1367 ut
804 1328 981 1368 omnium
1013 1328 1170 1375 oculos,
1209 1328 1537 1379 quotiescumque
1569 1327 1609 1367 in
1634 1335 1647 1342 ⁹

159 1385 362 1436 publicum
395 1385 603 1436 prodisset,
634 1386 680 1424 ad
701 1398 742 1425 56
764 1398 909 1426 conve1
912 1391 1013 1425 teret
1034 1398 1165 1436 neque
1188 1385 1223 1424 ei
1245 1397 1315 1436 par
1337 1385 1545 1436 quisquam
1568 1385 1609 1424 in

204 1462 306 1495 Plato
333 1462 450 1506 Symp.
471 1464 535 1496 219
556 1464 578 1496 C
597 1459 703 1497 οὐδὲν
728 1476 848 1510 περιτ-

160 1505 312 1559 τότερον
328 1505 666 1562 καταδεδαρθηκως
691 1495 848 1552 ἀνεστην

158 1552 250 1596 μετὰ
247 1539 482 1608 Σωκράτους
504 1552 524 1597 ἢ
547 1555 578 1588 εἰ
599 1554 691 1598 μετὰ
710 1553 848 1601 πατρὸς

160 1596 382 1640 καθηῦδον
368 1613 389 1642 η
407 1597 564 1645 ἀδελφοῦ
589 1603 847 1647 πρεσβυτέρου.

207 1647 237 1679 3.
277 1645 415 1677 licitum
446 1651 497 1680 est
525 1647 571 1680 ist
596 1646 742 1689 Perfeci,
781 1648 847 1680 wie

159 1690 255 1724 Eum.
275 1693 326 1729 10.
342 1693 360 1724 3
383 1695 470 1724 esset
487 1692 626 1724 licitum
647 1693 848 1736 Plusquam-

159 1736 300 1779 perfect.
344 1736 475 1777 [Cicero
494 1738 681 1780 gebraucht
699 1738 753 1771 die
771 1749 848 1782 pas-

159 1781 256 1815 siven
273 1782 417 1815 Formen
435 1793 503 1816 von
530 1783 611 1815 lieet
636 1794 698 1816 nur
723 1783 756 1816 in
784 1785 848 1817 sei-

158 1837 225 1860 nen
244 1827 401 1860 sriiheren
416 1827 544 1863 Reden.
572 1828 605 1863 S.
620 1829 794 1862 Hellmuth
813 1830 847 1863 in

159 1872 190 1908 d.
217 1874 302 1906 Acta
328 1883 409 1906 sem.
436 1874 518 1917 phil.
544 1874 846 1917 Erlang.1119s.]

207 1921 364 1962 [potiora
383 1920 600 1953 haberemus
642 1921 776 1954 Ebenso
795 1932 848 1954 sa-

158 1974 224 2007 gen
259 1965 345 1998 auch
378 1964 451 1999 Cas.
485 1966 517 1999 b.
554 1976 581 1999 c
612 1966 634 1999 I.
663 1969 693 2007 8,
719 1968 749 1999 3.
776 1967 846 2000 Liv.

156 2009 270 2043 xxm.
302 2013 333 2052 3,
364 2012 394 2044 4.
430 2011 546 2044 Cicero
578 2011 638 2044 hat
672 1993 770 2045 dafi'u
803 2012 844 2045 de

158 2066 205 2089 01.
180 2055 280 2134 uAH'
307 2058 361 2099 22,
387 2058 429 2090 32
450 2059 600 2099 potiora
626 2058 766 2091 ducere.
809 2057 843 2092 S.

157 2111 237 2181 zu.3
267 2149 295 2180 1.
323 2146 374 2181 Ol
399 2149 454 2189 91,
480 2149 498 2181 2
524 2165 570 2177 =
594 2150 670 2182 415.

203 2191 315 2225 Ueber
333 2193 547 2226 indioeemmt
564 2204 590 2229 5.
605 2205 647 2227 zu
663 2194 745 2228 Cim.
766 2197 796 2237 3,
812 2197 842 2229 2.

202 2237 324 2271 [licta.
376 2238 435 2271 Die
465 2239 665 2273 lateinische
698 2222 844 2284 Enddng

158 2295 179 2316 a
204 2283 258 2317 fiir
278 2283 333 2317 die
350 2284 561 2327 griechische
587 2296 638 2327 ας,
663 2286 729 2319 wie
747 2286 842 2320 Ham.

159 2332 235 2372 1,1.
261 2329 370 2363 Hann.
398 2332 450 2372 12,
465 2331 495 2364 3.
522 2330 670 2365 NeueF.
693 2331 734 2366 1².
752 2332 842 2366 35ff.

203 2377 233 2409 2.
260 2386 379 2409 omnes
405 2376 559 2409 Hermae
583 2387 615 2411 u.
645 2387 670 2410 5.
702 2387 745 2410 w,
796 2377 842 2412 So

156 2421 244 2455 auch
275 2421 406 2456 Andoc.
431 2421 453 2455 1.
481 2421 502 2465 ξ
529 2423 582 2456 62.
618 2421 841 2457 Philochorus

154 2466 189 2500 b.
227 2465 341 2501 Schol.
375 2467 549 2510 Aristoph.
575 2468 716 2512 Lysistr.
745 2471 841 2503 1094.

155 2512 250 2546 Nach
267 2512 374 2546 Thuc.
401 2512 454 2548 VI.
480 2514 521 2546 27
541 2513 683 2547 wurden
708 2525 771 2548 nur
788 2515 841 2548 die

155 2558 301 2592 meisten
337 2556 386 2600 (οἱ
421 2555 599 2600 πλεῖστοι)
639 2560 842 2603 beschadigt

156 2603 226 2636 und
250 2604 337 2637 nach
353 2603 443 2639 Plut.
464 2604 536 2640 Alc.
559 2607 598 2639 21
621 2616 738 2640 ausser
763 2606 840 2640 dem

919 1464 978 1497 des
1001 1463 1197 1497 Andocides
1222 1463 1311 1496 noch
1336 1462 1447 1506 einige
1473 1463 1608 1506 wenige

918 1509 1113 1543 γει-56110111.
1147 1529 1191 1533 -
1224 1509 1460 1541 deicerentur.
1518 1507 1609 1542 Viel-

918 1555 1013 1588 mehr
1039 1554 1179 1588 wurden
1202 1554 1250 1588 sie
1271 1554 1506 1587 verstfimmelt
1531 1555 1607 1596 (πε-

919 1598 1164 1645 ριεκόπησαν).
1213 1599 1319 1634 Thuc.
1345 1599 1399 1634 Vl.
1426 1602 1479 1634 27.

963 1647 1154 1680 Andocidi.
1203 1645 1268 1679 Der
1286 1646 1526 1689 gewohnliche
1544 1646 1607 1679 Ge-

918 1693 1013 1726 netiv
1039 1693 1132 1726 steht
1157 1692 1269 1735 gleich
1295 1692 1423 1725 darauf.

964 1739 1088 1781 Itaque
1120 1758 1164 1762 —
1197 1740 1376 1771 vocitatus
1412 1740 1479 1779 est,
1514 1738 1608 1771 nicht

918 1783 1023 1826 bloss,
1049 1784 1129 1817 weil
1147 1784 1258 1817 dieser
1281 1794 1343 1817 vor
1360 1783 1419 1817 der
1436 1783 1529 1816 Thur
1547 1783 1606 1817 des

917 1829 1113 1862 Andocides
1160 1829 1368 1862 befindliche
1420 1829 1604 1862 verschont

918 1885 1001 1916 war,
1012 1874 1158 1908 sondern
1169 1875 1248 1908 weil
1259 1885 1320 1908 aus
1331 1875 1459 1908 diesem
1470 1873 1605 1908 Grunde

916 1919 1112 1953 Andocides
1130 1920 1189 1953 der
1211 1920 1435 1953 Theilnahme
1453 1930 1506 1953 am
1524 1919 1607 1954 Ver-

916 1965 1065 1999 brechen
1080 1966 1157 1999 sehr
1170 1965 1371 2008 verdachtig
1385 1965 1512 2007 wurde,
1530 1966 1605 1999 eine

916 2011 1116 2055 Hauptrolle
1142 2011 1176 2045 in
1208 2011 1285 2045 dem
1310 2011 1455 2045 Process
1482 2011 1605 2054 spielte

915 2057 984 2090 und
1017 2057 1051 2090 in
1082 2057 1188 2100 Folge
1221 2057 1344 2090 dessen
1378 2057 1436 2090 der
1466 2057 1604 2091 Hermes

917 2102 1023 2136 durch
1057 2103 1125 2136 und
1158 2102 1219 2136 mit
1253 2103 1321 2135 ihm
1354 2113 1394 2135 zu
1431 2103 1523 2136 einer
1547 2103 1605 2136 be-

916 2148 1061 2182 sondern
1086 2148 1323 2182 Beri'lhmtheit
1349 2148 1519 2191 gelangte.
1561 2149 1605 2182 Er

915 2205 998 2236 wal,
1023 2194 1090 2227 wie
1116 2194 1170 2228 die
1194 2172 1367 2228 Inschlist0
1379 2195 1509 2237 261316,
1535 2205 1604 2228 1011

914 2240 974 2273 der
990 2240 1205 2283 Aegeischen
1222 2240 1369 2284 Phyle„
1351 2244 1493 2273 “esetzt
1535 2239 1605 2274 An-

915 2285 989 2321 doc.
1004 2286 1026 2319 1.
1044 2288 1136 2329 §62
1159 2286 1319 2320 Aeschin.
1335 2286 1357 2320 Ι.
1378 2288 1396 2329 ς’
1421 2285 1601 2320 125.P1ut.

913 2331 987 2366 Alc.
1015 2334 1068 2367 21.

961 2380 991 2412 3.
1018 2378 1080 2411 sed
1095 2377 1288 2421 publicam.
1319 2376 1352 2410 S.
1369 2387 1409 2410 zu
1426 2377 1537 2412 Con.'
1523 2389 1552 2419 o,
1570 2379 1600 2413 2.

960 2426 990 2457 4.
1019 2435 1127 2466 opera
1150 2422 1306 2465 forensi,
1332 2421 1602 2467 Unterstiitzung

912 2469 947 2502 in
985 2468 1394 2511 Volksversammlungen
1433 2468 1503 2502 und
1539 2479 1602 2503 vor

912 2514 1051 2548 Gericht
1090 2514 1294 2548 vermittelst
1331 2513 1600 2558 Beredsamkeit,

911 2560 1061 2594 Einfluss
1083 2560 1152 2594 und
1169 2560 1315 2602 Anhang
1340 2559 1510 2602 (Hetarie).

958 2610 988 2641 5.
1013 2606 1203 2649 prodisset.
1253 2605 1286 2639 S.
1315 2615 1356 2639 zu
1386 2608 1412 2647 1,
1440 2607 1470 2640 3.
