1780 2877
780 112 951 147 EXCURS
977 112 1044 146 VII.
1551 110 1629 149 251

189 232 322 269 rantur,
357 228 415 271 qui
441 226 541 261 simul
567 229 600 260 et
624 236 721 269 reges
748 230 782 260 et
807 227 1028 270 imperatores
1054 225 1208 264 suerunt,
1242 226 1338 258 velut
1362 226 1548 268 Hamilcar,
1575 227 1632 270 qui

190 275 318 308 bellum
342 284 418 307 cum
443 273 600 306 Therone
626 276 660 305 et
685 272 813 306 Gelone
846 272 970 315 gessit,
1005 281 1106 314 quem
1131 270 1323 304 Herodotus
1349 271 1415 305 VII.
1448 274 1506 305 165
1532 277 1633 306 vocat

190 317 395 366 στρατηγὸν
416 316 589 362 Ἀμίλκαν
613 315 679 350 τὸν
697 314 897 356 Ἄννωνος,
933 313 1200 361 Καρχηδονίων
1224 314 1334 349 ἐόντα
1359 314 1527 358 βασιλέα,
1556 317 1634 351 Dio-

190 365 292 399 dorus
317 364 371 398 XI.
391 367 433 398 20
460 361 676 408 στρατηγόν,
702 362 899 406 Polyaenus
924 362 945 395 I.
966 364 1020 403 27,
1046 363 1065 395 2
1091 362 1159 400 (cui
1186 366 1238 394 est
1260 357 1442 403 Ἰμίλκων)
1467 360 1632 404 βασιλέα,

189 410 367 453 Hannibal,
394 410 553 453 Gisgonis
579 408 682 449 filius,
707 408 797 451 apud
814 407 910 441 Diod.
928 407 1010 440 XIII.
1029 409 1084 444 43,
1110 406 1253 440 Himilco
1272 406 1362 450 apud
1387 407 1531 440 eundem
1550 408 1632 442 XIV.

190 459 244 499 54,
270 466 371 500 quem
395 458 648 498 imperatorem
673 453 824 496 appellat
840 453 988 486 Iustinus
1007 452 1091 486 XIX.
1111 454 1141 487 2.
1160 455 1190 487 ῖ.
1212 454 1241 494 3,
1265 455 1292 493 1,
1309 463 1427 495 regem
1454 453 1534 486 item
1553 452 1635 486 Oro-

190 502 259 536 sius
285 501 338 536 IV.
365 504 396 544 6,
421 501 522 543 Mago
547 499 637 543 apud
662 498 757 532 Diod.
784 498 855 532 XV.
887 501 938 540 15,
964 498 1021 541 qui
1048 498 1150 531 etiarn
1175 498 1410 538 Hamilcarem,
1436 508 1537 541 quem
1561 498 1633 532 XX.

190 550 232 581 29
257 547 336 581 τῶν
361 548 402 579 ἐν
419 543 567 587 Σικελίᾳ
585 541 779 586 δυνάμεων
797 542 1004 590 στρατηγὸν
1021 543 1162 585 dixerat,
1189 554 1216 577 c.
1236 546 1278 578 33
1297 541 1450 587 βασιλέα
1467 544 1633 587 appellat:

189 593 336 637 denique
354 592 534 632 Bomilcar,
560 590 627 623 dux
653 589 816 623 adversus
834 590 1068 633 Agathoclem,
1095 589 1136 622 de
1163 601 1230 633 quo
1248 589 1416 623 Diodorus
1441 589 1542 623 tradit
1561 589 1634 623 XX.

195 642 243 673 10.
274 640 321 672 12.
348 639 402 678 43,
427 648 494 669 rea:
518 637 718 669 Poenorum
743 635 866 668 dicitur
890 646 906 668 a
933 635 1060 668 Iustino
1084 634 1183 668 XXII.
1205 638 1234 669 7.
1254 638 1284 677 7,
1311 638 1344 668 et
1368 635 1554 668 Adherbal
1577 635 1635 668 ille

186 688 334 727 praetor
350 694 368 716 a
386 683 480 715 Livio
497 681 643 715 XXVIII.
663 683 717 719 30,
736 684 756 715 4
775 684 1070 721 commemoratus,
1096 680 1137 714 de
1156 692 1224 724 quo
1249 691 1350 724 supra
1376 680 1532 723 diximus,
1559 690 1634 714 cum

189 729 290 763 classi
315 728 511 772 praefuerit,
537 730 570 760 et
597 727 690 760 sufes
717 731 750 760 et
772 727 956 770 imperator
973 726 1078 759 fuisse
1097 726 1342 759 existimandus
1360 729 1422 759 est.
1464 725 1540 760 Uno
1557 726 1634 759 loco

187 774 277 818 apud
301 774 432 807 Livium
457 774 680 817 imperatores
699 772 1028 815 Carthaginiensium
1050 775 1239 815 praetores
1264 772 1431 813 dicuntur,
1457 771 1542 806 XXI.
1566 774 1596 814 3,
1614 775 1635 805 4

186 831 251 853 nos
277 824 392 853 tamen
419 821 562 852 minime
580 818 679 851 decet
694 820 911 851 iuventutem
929 821 1090 851 nostram
1106 829 1173 860 pro
1193 818 1344 850 militari
1360 817 1562 850 rudimento
1581 829 1636 850 as-

185 865 370 905 suefacere
388 865 530 898 libidini
544 867 765 907 praetorum,
782 874 901 897 verum
919 864 965 896 ibi
983 864 1174 897 rectissime
1192 863 1300 896 Aldus
1318 863 1534 896 scribendum
1551 863 1635 897 dixit

187 916 221 945 et
245 911 378 945 Iuntina
410 911 537 954 recepit
572 912 840 952 imperatorum.
889 909 1009 953 Neque
1043 912 1135 942 recte
1163 909 1462 942 Weissenbornius
1496 909 1635 942 eosdem

186 958 409 1001 imperatores
435 967 454 989 a
474 956 568 989 Livio
594 965 695 998 reges
721 955 832 989 dictos
857 954 1038 988 iudicavit:
1065 965 1143 988 nam
1169 955 1202 987 in
1228 955 1280 997 iis,
1308 964 1395 997 quae
1420 955 1636 998 subsequun-

187 1007 251 1044 tur,
277 1002 400 1046 quibus
426 1002 491 1036 hoc
516 1001 651 1045 probari
677 1004 785 1044 putat,
810 1002 868 1034 An
887 1002 952 1034 Ιιοο
971 1003 1145 1042 timemus,
1171 1012 1214 1032 ne
1231 1000 1450 1033 Hamilcaris
1467 1000 1565 1040 filins
1582 1002 1635 1032 ni-

185 1051 252 1081 mis
274 1059 353 1080 sero
380 1050 530 1091 imperia
556 1048 746 1080 immodica
773 1050 807 1079 et
829 1049 935 1088 regni
956 1049 1102 1089 paterni
1125 1048 1277 1089 speciem
1304 1045 1442 1087 videat,
1477 1049 1511 1077 et
1536 1047 1638 1077 cuius

186 1096 282 1137 regis
303 1104 438 1136 genero
465 1093 678 1126 hereditarii
700 1095 774 1124 sint
798 1093 916 1125 relicti
939 1095 1120 1125 emer-citus
1145 1094 1279 1133 nostri,
1307 1094 1381 1123 eius
1405 1091 1481 1131 filio
1506 1102 1635 1133 parum

185 1143 327 1173 mature
350 1141 570 1172 serviamus?
596 1139 628 1171 in
654 1138 707 1171 his
733 1138 836 1181 igitur
860 1149 944 1180 rege
969 1142 1003 1171 et
1027 1148 1151 1179 regno,
1176 1141 1214 1170 ut
1235 1147 1348 1180 saepe,
1375 1136 1511 1169 nimiam
1531 1140 1565 1169 et
1583 1141 1637 1180 ty-

184 1186 357 1219 rannicam
383 1185 573 1228 potentiam
598 1183 783 1227 significari
810 1189 961 1227 apparet.
1010 1183 1234 1226 Imperatores
1261 1182 1591 1224 Carthaginiensium
1617 1194 1635 1215 a

185 1231 280 1265 nullo
307 1231 448 1274 antiquo
475 1230 639 1274 scriptore
665 1240 765 1271 reges
789 1229 953 1272 appellati
980 1233 1070 1270 sunt,
1096 1229 1160 1261 nisi
1187 1228 1244 1271 qui
1269 1232 1415 1270 utroque
1433 1228 1634 1270 magistratu

186 1277 284 1310 simul
312 1276 561 1319 fungebantur3
588 1275 703 1308 Livius
729 1285 771 1308 ne
797 1275 926 1308 sufetes
953 1274 1089 1318 quidem
1114 1284 1216 1317 reges
1240 1273 1335 1307 dixit.

300 1321 368 1355 Sed
393 1325 432 1355 ut
458 1321 544 1354 salso
569 1325 774 1364 praetorem
799 1320 1129 1363 Carthaginiensium
1156 1330 1174 1352 a
1199 1330 1281 1362 rege
1299 1318 1445 1351 discerni
1463 1318 1636 1351 existime-

187 1379 273 1409 mus,
299 1368 383 1400 haec
410 1367 587 1401 accedunt.
637 1367 785 1400 Zonaras
811 1366 883 1400 sive
909 1367 1024 1409 potius
1047 1365 1184 1399 Cassius
1201 1364 1274 1401 Dio,
1300 1364 1334 1397 in
1361 1364 1457 1397 cuius
1480 1364 1635 1407 reliquiis

185 1414 258 1447 eius
283 1413 330 1447 rei
356 1413 503 1456 vestigia
528 1417 711 1455 supersunt
734 1412 772 1446 fr.
792 1414 847 1450 57,
867 1414 908 1446 86
928 1411 1018 1455 apud
1043 1411 1248 1453 Bekkerum,
1275 1412 1457 1454 postquam
1484 1409 1525 1443 de
1550 1419 1634 1453 pace

186 1459 320 1494 retulit,
346 1469 412 1503 qua
437 1458 566 1492 bellum
591 1457 757 1491 Punicum
783 1457 970 1490 secundum
998 1457 1227 1500 compositum
1253 1460 1324 1493 est,
1349 1456 1433 1488 haec
1458 1455 1635 1498 subiungit

184 1505 239 1538 IX.
263 1507 301 1538 14
319 1509 420 1539 extr.:
443 1500 613 1546 Ἀννίβας
639 1499 679 1536 δὲ
702 1500 928 1548 κατηγόοητο
955 1501 1056 1546 παρὰ
1081 1505 1153 1535 τοῖς
1178 1501 1319 1534 οἰκείοις
1345 1496 1392 1533 αἷς
1414 1498 1481 1542 τήν
1498 1513 1538 1534 τε
1555 1497 1634 1533 Ῥώ-

185 1563 258 1594 μην
284 1548 410 1593 λαβεῖν
436 1546 609 1591 δυνηθεὶς
633 1551 694 1581 καὶ
717 1547 766 1592 μὴ
792 1548 840 1581 &a
855 1547 952 1590 ,ήσας
975 1551 1036 1580 καὶ
1060 1546 1128 1590 τὴν
1150 1545 1251 1581 λείαν
1267 1545 1335 1588 τὴν
1353 1549 1392 1579 ὲκ
1410 1546 1470 1588 τῆς
1484 1541 1637 1579 Ἰταλίας

186 1592 499 1641 σφετερισάμενος.
550 1590 599 1628 Οὐ
622 1592 695 1636 μὴν
720 1596 778 1626 καὶ
804 1591 916 1634 ἑάλω,
943 1589 1033 1627 ἀλλὰ
1057 1596 1118 1626 καὶ
1143 1592 1210 1636 τὴν
1233 1595 1409 1638 μεγίστην
1434 1592 1513 1625 τῶν
1539 1594 1635 1636 Καρ-

186 1640 369 1683 χηδονίων
393 1638 507 1685 ἀρχὴν
523 1636 588 1673 οῦκ
605 1639 652 1673 εἰς
669 1637 813 1684 μακρὰν
830 1636 1029 1684 ἐπετράπη,
1056 1643 1090 1673 et
1107 1640 1335 1672 narrationem
1353 1638 1394 1671 de
1415 1637 1493 1680 suga
1512 1637 1638 1670 Hanni-

186 1687 274 1721 balis
292 1687 333 1720 ad
352 1687 557 1720 Antiochum
577 1697 604 1719 c.
623 1687 661 1719 18
680 1685 729 1725 (II.
749 1688 813 1718 257
835 1685 886 1718 ed.
906 1685 1029 1726 Bonn.)
1047 1685 1100 1718 his
1117 1685 1231 1718 verbis
1250 1683 1452 1727 ingreditur:
1468 1679 1638 1725 Ἀννίβας

187 1730 228 1766 δὲ
251 1730 320 1786 την
342 1735 519 1778 μεγίστην
543 1731 622 1764 τῶν
647 1727 746 1776 παρὰ
766 1727 1028 1775 Καρχηδονίοις
1051 1727 1173 1774 ἆρχῶν
1191 1728 1346 1773 εἰληφώς
1363 1731 1423 1761 καὶ
1440 1727 1636 1773 προσκρού-

187 1789 252 1812 σας
276 1776 343 1812 απ’
373 1775 482 1819 αὐτῆς
505 1779 579 1810 τοῖς
604 1772 874 1809 δυνατωτάτοις
899 1772 1059 1818 ἐμισήθη
1083 1788 1124 1808 τε
1142 1771 1206 1808 ὕπ’
1230 1772 1355 1808 αὐτῶν
1371 1776 1432 1806 καὶ
1450 1772 1540 1818 πρὸς
1556 1772 1638 1806 τοὺς

187 1820 380 1867 Ῥωμαίους
405 1820 598 1866 διεβλήθη.
645 1822 795 1855 Iustinus
828 1826 941 1855 autem
967 1820 1083 1854 XXXI.
1112 1823 1142 1862 2,
1169 1823 1200 1857 6,
1227 1830 1303 1853 cum
1337 1819 1528 1862 profectum
1562 1829 1638 1852 esse

187 1869 410 1903 Hannibalem
436 1872 626 1910 narrasset,
652 1869 797 1901 Postera
823 1868 900 1909 die,
937 1867 1066 1910 inquit,
1097 1868 1224 1899 civitas
1244 1867 1445 1908 principem
1467 1875 1571 1896 snum
1596 1875 1639 1896 ac

188 1919 263 1948 tum
289 1917 458 1958 temporis
485 1914 665 1946 consulem
690 1916 727 1945 in
749 1913 832 1952 foro
851 1914 1072 1955 eoepectabai.
1114 1912 1207 1950 Quae
1227 1911 1303 1954 quis
1322 1909 1420 1942 aliter
1437 1909 1637 1952 intellegere

188 1964 316 2005 potest,
342 1961 406 1994 nisi
423 1959 649 1993 Hannibalem
673 1958 771 1992 finito
790 1958 940 1992 secundo
958 1958 1050 1991 bello
1069 1957 1198 1991 Punico
1225 1956 1371 1990 sufetem
1397 1965 1472 1989 esse
1499 1955 1636 1996 factum,

188 2017 265 2040 cum
290 2006 494 2040 Aristoteles
520 2005 593 2039 Pol.
620 2005 656 2038 II.
689 2007 724 2038 ll
761 2015 857 2047 reges
883 2008 917 2037 et
942 2004 1165 2048 imperatores
1191 2001 1518 2044 Carthaginiensium
1544 2001 1638 2034 iden-

190 2052 294 2086 tidem
318 2055 420 2086 vocet
437 2049 500 2085 τὰς
515 2054 688 2097 μεγίστας
705 2050 784 2083 τῶν
801 2048 935 2095 ἀρχῶν,
961 2049 1091 2083 sufetes
1109 2048 1223 2081 Livius
1243 2057 1420 2079 summum
1437 2048 1638 2080 Poenorum

189 2100 443 2140 magistratum
468 2100 503 2131 et
528 2097 624 2129 velat
649 2096 837 2129 consulare
858 2098 1059 2139 imperium,
1085 2093 1176 2138 apud
1192 2093 1337 2126 Paulum
1355 2092 1502 2136 denique
1520 2103 1552 2136 p.
1572 2094 1637 2126 303

188 2143 274 2177 haec
297 2143 455 2186 legantur
475 2142 581 2182 Sufes
606 2142 732 2175 consul
754 2142 879 2184 lingua
899 2143 1110 2174 Poenorum.
1158 2140 1194 2172 In
1218 2139 1284 2172 hoc
1307 2139 1515 2181 reliquorum
1534 2137 1639 2181 scrip-

193 2193 301 2223 torum
327 2189 478 2222 omnium
504 2198 673 2221 consensu
698 2187 783 2220 nihil
808 2191 861 2221 est
886 2187 1036 2231 ineptius
1066 2184 1246 2220 sententiis
1270 2183 1429 2218 Hendrici
1454 2187 1488 2217 et
1512 2183 1638 2226 Klugii,

188 2235 249 2278 qui
266 2235 332 2268 hoc
349 2244 417 2267 uno
435 2233 580 2277 Nepotis
598 2233 677 2266 loco
702 2233 787 2266 moti
814 2233 871 2266 ille
896 2233 930 2266 in
951 2233 1169 2274 Carthagine
1192 2233 1264 2263 sive
1284 2231 1638 2272 Carthaginiensium

190 2292 230 2313 re
245 2280 388 2324 publica
406 2291 438 2323 p.
453 2281 519 2313 31ss
537 2282 729 2322 praeturam
749 2278 1079 2321 Carthaginiensium
1097 2277 1258 2310 maiorem
1280 2276 1383 2310 fuisse
1401 2275 1638 2318 magistratum

192 2336 293 2370 quam
319 2325 480 2366 sufetum,
505 2324 561 2357 hic
586 2324 621 2357 in
643 2323 743 2365 libro,
770 2324 827 2368 qui
851 2324 1036 2367 inscriptus
1053 2327 1106 2357 est
1122 2322 1333 2355 Aristoteles
1350 2322 1391 2354 de
1406 2321 1535 2364 polic't'a
1555 2320 1640 2353 Car-

193 2373 471 2415 thaginiensium
488 2381 520 2413 p.
539 2371 594 2412 96,
617 2380 745 2402 novum
761 2369 852 2403 hunc
870 2373 904 2403 et
921 2368 1224 2402 extraordinarium
1241 2367 1490 2410 magistratum,
1516 2366 1639 2399 ceteris

191 2418 353 2451 maiorem
368 2415 549 2450 Hannibali
565 2425 642 2449 esse
658 2414 854 2448 mandatum
873 2418 1074 2449 statuerunt.
1109 2413 1227 2455 Quem,
1244 2416 1282 2446 ut
1299 2416 1411 2446 cetera
1429 2412 1638 2451 omittamus,

193 2463 270 2506 quis
287 2462 461 2497 Romanus
478 2461 625 2505 scriptor
644 2465 857 2503 praeturam
882 2460 1047 2493 dixisset?
1072 2460 1158 2493 Nam
1183 2469 1260 2492 cum
1285 2458 1415 2492 sufetes
1441 2457 1639 2490 consulibus

193 2513 443 2552 comparentur,
470 2506 662 2540 necessario
680 2510 827 2549 praetor,
846 2507 873 2539 si
892 2517 910 2539 a
929 2505 1040 2539 sufete
1059 2505 1214 2539 diversus
1233 2504 1365 2546 fuisset,
1382 2502 1525 2536 Romani
1543 2512 1640 2547 prae-

196 2555 278 2587 toris
295 2554 417 2587 similis
434 2553 540 2586 fuisse
558 2552 803 2586 existimandus
821 2556 923 2586 esset.
953 2551 983 2584 Is
1001 2555 1114 2584 autem
1133 2549 1273 2584 consule
1290 2550 1402 2583 minor
1420 2548 1494 2582 fuit.
1524 2550 1638 2592 Atque

194 2599 278 2633 haec
302 2599 376 2643 ipsa
400 2609 454 2632 res
480 2598 572 2632 aliud
596 2600 834 2641 argumentum
860 2596 959 2630 nobis
985 2597 1238 2637 subministrat,
1264 2606 1322 2629 cur
1345 2595 1437 2629 hunc
1461 2594 1640 2637 magistra-
