1780 2877
580 134 680 168 xvss.
704 133 953 168 AGESILAUS.
979 135 1010 168 6.
1439 130 1516 170 143

84 258 130 291 ut
149 250 445 291 commiseratus
465 250 515 289 sit
534 251 731 289 fortunam
748 250 946 296 Graeciae,
969 249 1074 300 quod
1095 254 1172 286 tam
1193 248 1306 287 multi
1326 261 1346 286 a
1368 245 1415 287 se
1429 249 1520 288 victi

84 308 176 347 vitio
194 307 504 347 adversariorum
521 307 804 346 concidissent:
827 317 998 357 namque
1015 305 1075 343 illa
1091 304 1357 349 multitudine,
1377 304 1409 343 si
1425 317 1519 344 sana

85 377 198 404 mens
220 370 322 404 esset
343 363 539 410 Graeciae,
561 363 797 415 supplicium
815 362 952 401 Persas
968 362 1060 400 dare
1074 361 1262 412 potuisse.
1303 361 1409 400 Idem
1431 374 1519 400 cum

86 421 325 461 adversarios
335 421 437 460 intra
452 420 607 459 moenia
623 419 877 470 compulisset
892 423 942 464 et,
958 424 1004 457 ut
1013 417 1244 457 Corinthum
1259 424 1520 470 oppugnaret,

86 478 199 518 multi
219 479 484 522 hortarentur,
508 476 662 527 negavit
681 476 718 514 id
740 488 834 514 suae
849 475 982 514 virtuti
997 474 1229 514 convenire:
1251 487 1292 514 se
1309 475 1414 514 enim
1431 487 1519 514 eum

88 548 194 581 esse,
225 534 292 586 qui
321 535 368 574 ad
399 533 571 573 officium
601 533 803 584 peccantis
831 532 960 571 redire
990 538 1166 584 cogeret,
1198 545 1280 571 non
1308 532 1375 583 qui
1403 531 1522 570 urbes

88 592 350 632 nobilissimas
365 596 609 641 expugnaret
618 589 814 628 Graeciae.
841 585 956 628 ‘Nam
972 585 1014 628 si²
1030 584 1253 640 inquit‘eos
1270 589 1520 640 exstinguere

87 648 344 695 voluerimus,
377 646 445 698 qui
474 646 682 686 nobiscum
711 647 895 685 adversus
915 645 1103 685 barbaros
1124 651 1338 692 steterunt,
1368 651 1524 685 nosmet

88 706 163 757 ipsi
184 717 257 744 nos
272 703 626 755 expugnaverimus
641 703 716 742 illis
733 703 1041 754 quiescentibus.
1075 703 1161 749 Quo
1180 704 1281 742 sacto
1297 703 1382 742 sine
1400 715 1522 754 nego-

88 762 154 809 tio,
175 773 267 800 cum
286 760 495 807 voluerint,
518 773 590 799 nos
611 757 861 812 oppriment.’

201 817 364 856 Interim
391 817 532 856 accidit
560 817 623 856 illa
652 817 848 856 calamitas
876 817 980 868 apud
1001 817 1170 856 Leuctra
1190 815 1523 856 Lacedaemoniis.
1580 842 1582 844 -

89 874 177 921 Quo
194 887 244 914 ne
261 874 590 926 proficisceretur,
605 887 695 914 cum
711 886 732 913 a
747 874 946 926 plerisque
962 875 1009 913 ad
1027 874 1249 913 exeundum
1265 879 1524 925 premeretur,

89 938 133 971 ut
152 931 186 971 si
205 931 253 971 de
274 931 381 971 exitu
408 931 616 978 divinaret,
646 931 750 970 exire
781 931 920 970 noluit.
961 930 1090 979 Idem,
1122 943 1213 970 cum
1233 930 1526 981 Epaminondas

90 989 272 1040 Spartam
292 994 542 1040 oppugnaret
562 993 743 1039 essetque
764 988 849 1027 sine
869 987 992 1027 muris
1012 988 1222 1039 oppidum,
1251 987 1366 1026 talem
1390 999 1431 1025 se
1454 986 1526 1025 im-

90 1050 314 1097 peratorem
336 1045 535 1096 praebuit,
564 1050 608 1083 ut
628 1057 674 1084 eo
694 1050 872 1096 tempore
894 1044 1078 1084 omnibus
1098 1043 1346 1096 apparuerit,
1368 1043 1443 1082 nisi
1463 1043 1527 1082 ille

90 1102 247 1148 fuisset,
273 1101 452 1153 Spartam
474 1102 646 1141 futuram
666 1114 748 1141 non
770 1101 901 1140 fnisse.
942 1101 988 1140 In
1010 1113 1088 1152 quo
1110 1101 1267 1152 quidem
1301 1099 1529 1140 discrimine

92 1159 271 1198 celeritas
289 1158 374 1198 eius
393 1158 548 1198 consilii
567 1158 681 1198 saluti
695 1158 768 1198 fuit
787 1158 991 1198 universis.
1031 1159 1129 1198 Nam
1145 1171 1235 1197 cum
1256 1157 1413 1209 quidam
1430 1157 1525 1196 adu·
1556 1170 1562 1177 ·

91 1211 298 1255 les‘centuli
327 1216 499 1255 hostium
529 1216 699 1255 adventu
729 1215 928 1267 perterriti
956 1216 1003 1254 ad
1035 1215 1245 1255 Thebanos
1279 1216 1528 1266 transfugere

92 1273 237 1312 vellent
265 1278 302 1311 et
331 1273 461 1312 locum
490 1278 598 1311 extra
625 1272 766 1312 urbem
795 1272 943 1312 editum
963 1272 1179 1324 cepissent,
1210 1271 1432 1324 Agesilaus,
1462 1271 1529 1322 qui

99 1377 150 1428 13,
172 1387 198 1420 1.
233 1383 341 1417 Horaz
365 1384 558 1418 mehrmals.
609 1383 684 1427 Vgl.
710 1384 778 1418 Do-

95 1431 223 1465 derlein
249 1429 377 1474 Synon.
405 1429 443 1464 V.
471 1432 534 1464 236
552 1430 575 1463 s.

146 1490 177 1522 3.
196 1490 227 1521 4.
263 1487 363 1520 Diese
380 1486 582 1520 Geschichte
600 1486 685 1520 wird
702 1497 778 1520 aus-

101 1533 231 1567 serdem
249 1532 350 1566 allein
383 1543 452 1566 von
475 1532 687 1566 Pseudoxen.
710 1533 774 1575 Ag.

102 1582 132 1620 7,
150 1581 170 1613 6
188 1578 327 1612 εηὲιὴὶῑ.
375 1577 422 1610 Ist
445 1578 494 1611 sie
518 1579 629 1619 wahr,
654 1588 692 1611 so
718 1578 778 1611 hat

101 1627 165 1667 Ag.
191 1624 264 1658 sich
288 1627 373 1657 statt
397 1624 490 1656 seine
514 1623 682 1657 Unmach't
707 1624 777 1657 ein-

102 1670 289 1713 zugestehn
314 1669 376 1701 mit
400 1669 509 1702 einem
534 1669 779 1702 unverdienten

99 1714 373 1758 Heiligenschein
397 1714 576 1757 umgeben.

146 1773 181 1794 se
206 1763 299 1793 enim
323 1770 400 1792 eum
425 1771 496 1792 esse
520 1760 626 1802 hangt
641 1770 709 1792 von
736 1759 782 1792 ei-

104 1817 180 1840 nem
213 1816 272 1839 aus
304 1807 449 1847 negavit
480 1816 521 1838 zu
547 1805 780 1848 erganzenden

102 1853 200 1886 dimit
223 1851 277 1893 ab,
303 1851 452 1884 welches
469 1851 555 1884 auch
572 1851 604 1883 in
623 1851 689 1883 den
706 1850 781 1883 Hss.

103 1898 211 1936 steht,
244 1897 324 1930 aber
357 1896 536 1929 sicherlich
570 1907 637 1929 von
671 1896 781 1929 einem

101 1942 337 1983 Abschreiber,
362 1941 420 1975 der
445 1941 536 1975 diese
561 1941 696 1975 fibliche
724 1941 782 1974 Er-

104 1990 261 2031 ganzung
294 1987 388 2021 nicht
423 1987 551 2020 kannte
587 1987 655 2020 und
688 1987 782 2020 nicht

103 2034 162 2068 das
188 2031 299 2077 gleich
331 2032 452 2066 darauf
482 2032 641 2075 folgende
667 2034 785 2075 inquit

101 2080 292 2121 beachtete,
308 2078 473 2112 herruhrt.
514 2078 574 2111 Bei
591 2078 706 2122 Nepos
720 2076 784 2111 fin-

103 2124 168 2158 den
191 2125 263 2158 sich
281 2124 397 2158 solche
415 2123 675 2168 Brachylogie‘n,
700 2124 784 2156 iiber

104 2170 236 2203 welche
261 2180 302 2203 zu
327 2169 432 2211 vergl.
476 2169 623 2213 Seyffert
647 2180 687 2202 zu
714 2169 782 2202 Cic.

104 2215 193 2250 Lael.
233 2217 282 2257 16,
308 2216 350 2248 59
383 2225 416 2258 p.
443 2215 543 2248 38711
577 2225 693 2248 ausser
725 2214 781 2247 bei

103 2272 236 2304 negare
261 2260 342 2293 Cim.
372 2262 400 2301 1,
425 2262 458 2293 4.
483 2260 562 2294 Con.
588 2264 620 2301 4,
642 2262 669 2294 1.
695 2260 781 2293 Dion

105 2309 136 2349 8,
161 2310 181 2341 4
217 2307 272 2339 bei
294 2307 494 2349 praecepit,
518 2309 559 2338 ut
582 2305 667 2339 Milt.
697 2308 725 2347 1,
750 2308 780 2339 3.

103 2354 256 2394 monuit,
280 2355 319 2384 ut
342 2350 460 2385 Them.
487 2352 517 2393 8,
543 2354 573 2385 5.
597 2352 711 2393 petiit,
738 2361 782 2383 ne

104 2398 198 2432 Eum.
231 2401 262 2439 6,
295 2400 326 2431 3.
365 2399 560 2438 recusavit,
592 2407 636 2429 ne
674 2396 781 2431 Hann.

108 2445 159 2485 12,
184 2445 216 2485 3,
241 2443 402 2476 laudavit
426 2442 487 2484 Ag.
514 2444 546 2483 6,
571 2443 601 2475 2.

149 2491 180 2523 4.
205 2499 271 2521 nos
287 2482 620 2531 eoepngbaverimus.
660 2487 784 2530 Empu-

101 2544 216 2575 gnare
239 2545 307 2568 von
332 2533 504 2567 Personen
535 2533 579 2566 ist
603 2533 636 2566 in
662 2533 784 2566 'alteret

105 2578 208 2614 Prosa
242 2580 318 2613 sehr
350 2579 470 2613 selten.
531 2579 603 2613 Gas.
638 2578 669 2612 b.
703 2578 783 2621 gall.

847 1383 915 1418 VII.
955 1386 1007 1425 10,
1049 1387 1059 1417 1
1096 1384 1345 1427 stipendiariis
1367 1383 1530 1415 Haeduo-

846 1440 926 1462 rum
941 1432 1168 1473 apag-naris,
1194 1428 1309 1462 Oester
1323 1428 1378 1462 bei
1396 1428 1527 1461 Livius:

847 1475 948 1509 XXV.
984 1477 1045 1516 28,
1078 1478 1096 1508 7
1135 1478 1177 1508 ut
1211 1475 1368 1508 crudeles
1405 1477 1530 1517 tyran-

845 1532 910 1554 nos
943 1524 1205 1563 expugnarent,
1229 1519 1391 1554 XXXVII.
1423 1521 1475 1557 25,
1509 1523 1529 1551 ti

847 1567 1050 1609 Philippum
1082 1570 1116 1599 et
1138 1565 1260 1599 Nabz'n
1293 1568 1532 1609 eoepugnat05‚

846 1612 994 1646 XXXIX.
1005 1614 1035 1653 2,
1047 1614 1065 1646 3
1080 1614 1142 1655 qui
1152 1614 1278 1645 castris
1286 1623 1322 1644 se
1332 1613 1531 1651 tenuerant,

850 1660 1071 1691 circumsessi
1094 1660 1295 1701 expugnati
1317 1660 1410 1693 sunt,
1442 1656 1531 1689 dann

848 1704 904 1737 bei
930 1704 1019 1738 Curt.
1045 1703 1124 1737 Tac.
1151 1703 1244 1737 Suet.
1270 1703 1359 1736 Flor.
1384 1701 1508 1735 Justin.

895 1759 934 1795 6.
959 1762 987 1794 1.
1013 1760 1161 1792 Interim
1192 1759 1316 1793 beruht
1340 1758 1400 1792 auf
1422 1758 1532 1791 einem

849 1806 1002 1846 Irrthum,
1025 1805 1067 1838 da
1085 1806 1139 1839 die
1163 1805 1324 1838 Schlacht
1348 1805 1403 1837 bei
1429 1805 1534 1836 Leuc-

851 1854 900 1890 tra
926 1855 995 1884 erst
1020 1850 1071 1884 Ol.
1089 1853 1164 1892 102,
1183 1853 1326 1884 3=371
1355 1848 1533 1883 stattsand.

898 1896 973 1937 Quo
1000 1907 1044 1928 ne
1062 1907 1094 1930 u.
1112 1907 1138 1930 S.
1157 1907 1200 1929 W.
1248 1891 1324 1928 ‘Um
1350 1895 1443 1928 nicht
1461 1894 1533 1927 da-

851 1941 924 1974 hin
954 1941 1051 1974 ziehn
1083 1952 1123 1974 zu
1156 1944 1311 1982 miissen‚
1345 1940 1463 1973 wollte
1497 1949 1534 1972 er

850 1987 1067 2030 (uberhaupt)
1082 1987 1174 2020 nicht
1191 1983 1374 2020 ausziehn'.
1417 1985 1533 2028 Nepos

851 2033 909 2066 hat
935 2033 1006 2065 hier
1031 2033 1144 2074 geirrt.
1195 2032 1245 2066 01.
1274 2033 1348 2071 100,
1374 2033 1533 2065 2=373

851 2078 937 2111 nach
963 2078 1021 2111 der
1039 2078 1220 2121 Befreiung
1237 2077 1396 2111 Thebens
1413 2076 1532 2111 wollte

851 2123 915 2166 Ag.
941 2124 1034 2156 nicht
1060 2124 1222 2157 ausziehn
1255 2123 1352 2166 (Xen.
1378 2122 1462 2156 Hell.
1489 2121 1531 2157 V.

852 2171 884 2210 4,
907 2171 959 2209 13)
971 2184 977 2208 ;
991 2170 1081 2211 jetzt
1099 2169 1216 2202 wurde
1234 2179 1269 2202 er
1285 2169 1389 2203 durch
1403 2167 1533 2201 Krank-

850 2215 921 2248 heit
938 2215 1133 2248 verbindert
1151 2215 1248 2255 (Xen.
1267 2214 1351 2249 Hell.
1373 2214 1410 2248 V.
1430 2216 1460 2253 4,
1476 2215 1532 2247 58.

851 2260 904 2294 VI.
922 2262 954 2301 4,
976 2262 1039 2300 18).
1074 2260 1166 2294 Statt
1191 2263 1290 2293 eat-itu
1308 2261 1398 2293 ware
1417 2259 1533 2292 besser

851 2309 976 2338 eventu
1001 2309 1152 2348 gesetzt‚
1179 2306 1220 2340 da
1245 2307 1351 2340 sehon
1376 2303 1532 2338 zweirnal

851 2354 950 2385 exire
975 2352 1076 2386 steht.
1126 2351 1160 2385 S.
1185 2363 1227 2385 zu
1251 2351 1325 2384 Dat.
1352 2354 1382 2389 5,
1409 2352 1439 2384 ss.

896 2397 1075 2440 plerisque
1099 2398 1166 2430 wie
1190 2408 1218 2431 c.
1245 2399 1276 2438 4,
1302 2400 1333 2431 6.

899 2443 994 2475 Idem
1018 2454 1050 2477 u.
1076 2453 1102 2475 s.
1129 2453 1171 2476 w.
1219 2442 1268 2476 01.
1300 2443 1372 2484 102,
1399 2443 1532 2475 3=370

853 2499 894 2521 zu
920 2488 1021 2522 Ende.
1072 2487 1149 2530 Vgl.
1176 2498 1218 2521 zu
1241 2487 1303 2531 Ep.
1329 2489 1361 2529 8,
1386 2489 1486 2521 2-5.

899 2534 928 2567 2.
955 2535 985 2567 3.
1011 2532 1104 2566 Nam
1135 2543 1214 2566 cum
1244 2544 1275 2567 u.
1310 2544 1336 2566 s.
1362 2543 1405 2567 W.
1454 2531 1534 2565 Dies

852 2578 938 2612 wird
968 2579 1053 2612 auch
1086 2589 1151 2612 von
1179 2578 1266 2614 Plut.
1300 2579 1362 2622 Ag.
1388 2579 1429 2613 32
1455 2578 1525 2611 und
