1780 2877
199 147 282 188 232

715 147 816 181 XXV.
842 147 1039 181 ATTICUS.
1065 148 1119 182 22.

149 273 168 304 2
197 265 292 313 vita,
325 265 392 304 sed
422 277 469 303 ex
499 264 615 303 domo
646 263 686 302 in
718 263 877 302 domum
907 262 1104 301 videretur
1131 262 1321 313 migrare,
1356 275 1446 302 cum
1475 263 1632 314 quidem

200 321 374 374 Agrippa
396 333 485 361 eum
506 320 606 360 flens
627 324 744 371 atque
766 319 948 359 osculans
969 324 1099 358 oraret
1114 323 1231 370 atque
1253 318 1487 368 obsecraret,
1509 333 1559 360 ne
1580 320 1630 369 id,

201 379 305 430 quod
327 384 467 417 natura
490 383 660 429 cogeret,
683 377 766 428 ipse
789 372 979 430 [quoque]
1001 375 1076 415 sibi
1095 375 1353 424 acceleraret,
1385 381 1424 415 et
1444 377 1632 428 quoniam

199 440 283 474 tum
306 447 464 486 quoque
485 440 620 485 posset
640 433 885 486 temporibus
906 444 1113 484 superesse
1126 463 1135 480 ,
1167 444 1209 472 se
1230 432 1304 472 sibi
1324 432 1483 484 suisque
1503 446 1632 474 reser-

154 498 173 531 3
202 497 327 539 varet,
350 503 488 543 preces
509 490 593 530 eius
613 490 809 530 taciturna
829 502 899 529 sua
921 489 1187 529 obstinatione
1209 489 1412 541 depressit.
1458 489 1523 529 Sic
1543 503 1632 530 cum

200 548 366 588 biduum
387 547 474 587 cibo
492 559 534 586 se
549 547 814 595 abstinuisset,
837 546 966 586 subito
982 546 1103 586 febris
1119 546 1287 586 decessit
1306 546 1507 597 leviorque
1527 559 1633 586 mor-

199 604 274 645 bus
296 617 379 645 essc
401 603 544 655 coepit.
576 603 725 642 Tamen
747 603 995 655 propositum
1017 602 1139 642 nihilo
1161 603 1282 643 setius
1302 603 1466 654 peregit.
1497 603 1634 655 Itaque

201 662 262 702 die
285 661 436 713 quinto,
458 666 670 712 postquam
690 659 727 699 id
750 659 959 699 consilium
977 659 1131 708 inierat,
1153 660 1277 711 pridie
1295 660 1476 700 calendas
1490 660 1637 712 Aprilis

151 724 169 756 4
200 718 270 758 Cn.
288 717 459 757 Domitio
477 716 517 757 C.
536 716 649 757 Sosio
671 715 914 765 consulibus,
937 716 1114 755 decessit.
1145 716 1280 757 Elatus
1301 722 1360 756 est
1380 716 1420 755 in
1441 716 1634 764 lecticula,

200 781 244 814 ut
273 775 354 826 ipse
384 773 710 826 praescripserat,
746 773 832 813 sine
862 772 940 812 ulla
970 784 1116 824 pompa
1147 773 1316 822 funeris,
1354 773 1634 814 comitantibus

200 831 384 870 omnibus
404 831 532 877 honis,
554 831 721 870 maxima
738 830 842 881 vulgi
864 829 1096 881 frequentia.
1129 828 1316 881 Sepultus
1331 835 1389 869 est
1408 829 1516 869 iuxta
1534 830 1634 869 viam

198 887 365 940 Appiam
395 889 442 927 ad
476 887 658 939 quintum
689 887 859 939 lapidem
889 887 930 925 in
953 892 1214 925 monumento
1238 885 1283 932 Q.
1307 885 1483 934 Caecilii,
1514 899 1636 926 avun-

200 945 278 984 culi
300 945 372 984 sui.

243 1031 308 1068 22.
334 1034 364 1067 2.
392 1043 549 1076 quoque,
574 1033 724 1066 welches
750 1033 785 1066 in
810 1033 885 1066 dem

200 1079 269 1111 ihm
295 1078 388 1112 nicht
405 1078 675 1111 zukommenden
696 1077 800 1111 Sinne
821 1089 885 1112 von

201 1126 308 1157 etiam
341 1123 440 1157 stehn
465 1123 599 1165 wiirde,
631 1125 676 1157 ist
699 1124 761 1157 mit
785 1124 887 1157 Eber-

198 1169 282 1202 hard
317 1169 366 1202 als
400 1169 604 1202 entstanden
636 1179 696 1203 aus
721 1169 796 1203 dem
823 1169 886 1203 fol-

200 1214 335 1257 genden
360 1225 498 1257 quoque
522 1225 564 1247 zu
589 1214 769 1249 streichen.

247 1263 288 1293 et.
326 1258 360 1292 S.
379 1270 421 1292 zu
438 1258 512 1292 Dat.
531 1261 561 1301 6,
580 1262 610 1293 4.

247 1306 471 1348 tempom'bzcg
486 1304 516 1338 d.
529 1305 558 1338 h.
569 1305 621 1338 die
634 1305 759 1338 Leiden
777 1305 886 1338 seiner

199 1350 396 1384 Krankheit.
430 1349 503 1383 Wir
528 1350 670 1384 wiirden
695 1360 799 1394 sagen
817 1348 885 1384 ‘die

199 1396 306 1430 bosen
331 1392 447 1438 Tage‘.

247 1444 275 1474 3.
311 1440 421 1474 Ueber
446 1440 500 1474 die
525 1441 778 1484 pleonastische
804 1440 886 1474 Ver-

198 1486 352 1529 bindung
375 1497 443 1520 von
471 1489 587 1518 tamen
612 1486 671 1518 mit
697 1486 811 1519 nihilo
836 1497 886 1518 se-

201 1534 270 1564 tius
315 1533 463 1573 (minus)
505 1541 530 1564 s.
565 1531 660 1564 Hand
699 1530 796 1564 Turs.
830 1531 882 1564 IV.

199 1578 282 1617 201,
316 1577 438 1610 dessen
471 1575 597 1619 Belege
622 1575 825 1609 Thielmann
850 1576 883 1609 in

199 1622 263 1655 den
288 1621 375 1656 Diss.
403 1621 522 1665 philol.
541 1622 719 1664 Argentor.
746 1621 781 1655 ΙΙ.
804 1623 844 1655 16
861 1621 882 1654 s.

957 1032 1061 1066 durch
1079 1031 1190 1074 einige
1207 1030 1378 1074 Beispiele
1396 1041 1456 1065 aus
1471 1030 1575 1065 Varro
1585 1031 1606 1064 l.
1616 1031 1636 1065 l.

957 1080 987 1119 8,
1007 1080 1060 1111 28.
1095 1076 1160 1110 Cic.
1179 1087 1211 1119 p.
1230 1076 1319 1110 Tull.
1338 1076 1359 1119 ξ
1378 1079 1430 1111 39,
1464 1077 1537 1111 C'as.
1554 1077 1587 1110 b.
1606 1087 1637 1120 g.

957 1126 988 1165 5,
1010 1126 1041 1157 4.
1063 1125 1092 1156 7.
1127 1121 1241 1163 Gaius,
1265 1121 1422 1164 Lactanz,
1447 1122 1565 1156 Auson
1590 1132 1640 1156 er-

957 1170 1069 1203 sanzt.

957 1195 971 1211 e
1004 1214 1063 1247 Cn.
1079 1213 1237 1245 Domitio
1257 1211 1291 1245 C.
1305 1211 1407 1246 Sosio
1426 1212 1639 1246 consulibus.

956 1261 1020 1292 722
1037 1270 1065 1292 a.
1079 1270 1123 1299 u.,
1143 1259 1184 1292 32
1198 1268 1230 1292 V.
1245 1257 1319 1292 Chr.

1001 1307 1032 1338 4.
1058 1303 1235 1337 lecticula.
1280 1302 1347 1336 Das
1371 1302 1566 1336 Deminutiv
1583 1303 1640 1336 be-

955 1350 1110 1383 zeichnet
1134 1344 1223 1382 ‘eine
1240 1348 1478 1391 gewohnliche
1496 1344 1637 1388 Sanfte',

955 1396 1022 1428 wie
1048 1395 1097 1428 sie
1122 1394 1208 1428 auch
1233 1393 1286 1427 fiir
1311 1392 1445 1426 Kranke
1463 1392 1544 1426 oder
1557 1391 1639 1426 Ver-

956 1440 1116 1474 wundete
1141 1439 1328 1482 gebraucht
1351 1438 1476 1471 wurde.
1511 1437 1577 1471 Cic.
1597 1438 1639 1472 de

955 1485 1022 1519 div.
1036 1486 1058 1518 1.
1078 1487 1132 1524 24,
1149 1486 1199 1518 15.
1226 1484 1296 1516 Liv.
1309 1483 1426 1517 XXIV.
1446 1485 1501 1525 42,
1515 1486 1546 1517 5.

1001 1527 1169 1572 boni,‘die
1180 1525 1453 1572 Gutgesinnten’,
1464 1528 1535 1560 will
1546 1528 1640 1561 nicht

955 1576 1050 1609 mehr
1072 1575 1243 1608 bedeuten
1269 1574 1319 1607 als
1337 1573 1390 1607 die
1407 1572 1641 1615 besitzenden,

958 1620 1182 1663 anst'andigen
1207 1620 1322 1653 Leute.
