<?xml version="1.0" encoding="UTF-8"?>
<!DOCTYPE html PUBLIC "-//W3C//DTD XHTML 1.0 Transitional//EN"
    "http://www.w3.org/TR/xhtml1/DTD/xhtml1-transitional.dtd">
<html xmlns="http://www.w3.org/1999/xhtml" xml:lang="en" lang="en">
 <head>
  <title>
</title>
<meta http-equiv="Content-Type" content="text/html;charset=utf-8" />
  <meta name='ocr-system' content='tesseract 3.04.00' />
  <meta name='ocr-capabilities' content='ocr_page ocr_carea ocr_par ocr_line ocrx_word'/>
</head>
<body>
  <div class='ocr_page' id='page_1' title='image "./corneliusne2ed00nepouoft_0127.png"; bbox 0 0 1780 2877; ppageno 0'>
   <div class='ocr_carea' id='block_1_1' title="bbox 669 122 1528 163">
    <p class='ocr_par' dir='ltr' id='par_1_1' title="bbox 669 122 1528 163">
     <span class='ocr_line' id='line_1_1' title="bbox 669 122 1528 163; baseline 0.002 -4"><span class='ocrx_word' id='word_1_1' title='bbox 669 126 723 161; x_wconf 83' lang='lat' dir='ltr'>lx.</span> <span class='ocrx_word' id='word_1_2' title='bbox 748 124 904 159; x_wconf 89' lang='lat' dir='ltr'>CONON.</span> <span class='ocrx_word' id='word_1_3' title='bbox 931 128 961 160; x_wconf 89' lang='lat'>5.</span> <span class='ocrx_word' id='word_1_4' title='bbox 1481 122 1528 163; x_wconf 83' lang='grc'>81</span> 
     </span>
    </p>
   </div>
   <div class='ocr_carea' id='block_1_2' title="bbox 96 238 1538 1539">
    <p class='ocr_par' dir='ltr' id='par_1_2' title="bbox 96 238 1538 1425">
     <span class='ocr_line' id='line_1_2' title="bbox 100 238 1535 292; baseline -0.003 -9"><span class='ocrx_word' id='word_1_5' title='bbox 100 251 162 283; x_wconf 81' lang='lat' dir='ltr'>tus</span> <span class='ocrx_word' id='word_1_6' title='bbox 191 248 269 287; x_wconf 82' lang='lat' dir='ltr'>est.</span> <span class='ocrx_word' id='word_1_7' title='bbox 303 247 345 280; x_wconf 89' lang='lat' dir='ltr'>ut</span> <span class='ocrx_word' id='word_1_8' title='bbox 378 246 415 279; x_wconf 90' lang='lat' dir='ltr'>et</span> <span class='ocrx_word' id='word_1_9' title='bbox 436 240 738 292; x_wconf 77' lang='lat' dir='ltr'>Tissaphernem</span> <span class='ocrx_word' id='word_1_10' title='bbox 770 241 923 280; x_wconf 84' lang='lat' dir='ltr'>hostem</span> <span class='ocrx_word' id='word_1_11' title='bbox 945 239 1123 279; x_wconf 83' lang='lat' dir='ltr'>iudicarit</span> <span class='ocrx_word' id='word_1_12' title='bbox 1145 245 1183 277; x_wconf 90' lang='lat' dir='ltr'>et</span> <span class='ocrx_word' id='word_1_13' title='bbox 1203 238 1535 279; x_wconf 82' lang='lat' dir='ltr'>Lacedaemonios</span> 
     </span>
     <span class='ocr_line' id='line_1_3' title="bbox 99 295 1534 350; baseline -0.001 -12"><span class='ocrx_word' id='word_1_14' title='bbox 99 299 202 339; x_wconf 86' lang='lat' dir='ltr'>bello</span> <span class='ocrx_word' id='word_1_15' title='bbox 234 298 418 350; x_wconf 85' lang='lat' dir='ltr'>persequi</span> <span class='ocrx_word' id='word_1_16' title='bbox 449 297 605 337; x_wconf 86' lang='lat' dir='ltr'>iusserit</span> <span class='ocrx_word' id='word_1_17' title='bbox 632 303 670 336; x_wconf 87' lang='lat' dir='ltr'>et</span> <span class='ocrx_word' id='word_1_18' title='bbox 692 298 726 336; x_wconf 91' lang='lat' dir='ltr'>ei</span> <span class='ocrx_word' id='word_1_19' title='bbox 747 297 988 348; x_wconf 86' lang='lat' dir='ltr'>permiserit,</span> <span class='ocrx_word' id='word_1_20' title='bbox 1021 307 1137 347; x_wconf 89' lang='lat' dir='ltr'>quem</span> <span class='ocrx_word' id='word_1_21' title='bbox 1158 295 1294 343; x_wconf 76' lang='lat' dir='ltr'>vellet,</span> <span class='ocrx_word' id='word_1_22' title='bbox 1324 295 1466 347; x_wconf 79' lang='lat' dir='ltr'><strong>eligere</strong></span> <span class='ocrx_word' id='word_1_23' title='bbox 1488 298 1534 336; x_wconf 88' lang='lat' dir='ltr'>ad</span> 
     </span>
     <span class='ocr_line' id='line_1_4' title="bbox 99 352 1534 407; baseline -0.002 -12"><span class='ocrx_word' id='word_1_24' title='bbox 99 355 401 407; x_wconf 82' lang='lat' dir='ltr'>dispensandam</span> <span class='ocrx_word' id='word_1_25' title='bbox 434 354 654 406; x_wconf 84' lang='lat' dir='ltr'>pecuniam.</span> <span class='ocrx_word' id='word_1_26' title='bbox 699 354 739 392; x_wconf 89' lang='lat' dir='ltr'>ld</span> <span class='ocrx_word' id='word_1_27' title='bbox 772 353 976 392; x_wconf 79' lang='lat' dir='ltr'>arbitrium</span> <span class='ocrx_word' id='word_1_28' title='bbox 1007 352 1144 392; x_wconf 90' lang='lat' dir='ltr'>Conon</span> <span class='ocrx_word' id='word_1_29' title='bbox 1175 352 1329 403; x_wconf 83' lang='lat' dir='ltr'>negavit</span> <span class='ocrx_word' id='word_1_30' title='bbox 1358 352 1419 391; x_wconf 85' lang='lat' dir='ltr'>sui</span> <span class='ocrx_word' id='word_1_31' title='bbox 1450 365 1534 392; x_wconf 87' lang='lat' dir='ltr'>esse</span> 
     </span>
     <span class='ocr_line' id='line_1_5' title="bbox 98 409 1534 462; baseline -0.003 -11"><span class='ocrx_word' id='word_1_32' title='bbox 98 411 264 458; x_wconf 88' lang='lat' dir='ltr'>consilii,</span> <span class='ocrx_word' id='word_1_33' title='bbox 286 412 353 451; x_wconf 88' lang='lat' dir='ltr'>sed</span> <span class='ocrx_word' id='word_1_34' title='bbox 371 411 504 462; x_wconf 85' lang='lat' dir='ltr'>ipsius,</span> <span class='ocrx_word' id='word_1_35' title='bbox 523 410 588 461; x_wconf 91' lang='lat' dir='ltr'>qui</span> <span class='ocrx_word' id='word_1_36' title='bbox 606 409 753 461; x_wconf 85' lang='lat' dir='ltr'>optime</span> <span class='ocrx_word' id='word_1_37' title='bbox 770 422 862 448; x_wconf 86' lang='lat' dir='ltr'>suos</span> <span class='ocrx_word' id='word_1_38' title='bbox 880 421 996 448; x_wconf 88' lang='lat' dir='ltr'>nosse</span> <span class='ocrx_word' id='word_1_39' title='bbox 1011 409 1193 457; x_wconf 91' lang='lat' dir='ltr'>deberet;</span> <span class='ocrx_word' id='word_1_40' title='bbox 1209 409 1274 448; x_wconf 87' lang='lat' dir='ltr'>sed</span> <span class='ocrx_word' id='word_1_41' title='bbox 1294 421 1335 448; x_wconf 89' lang='lat' dir='ltr'>se</span> <span class='ocrx_word' id='word_1_42' title='bbox 1357 409 1534 458; x_wconf 81' lang='lat' dir='ltr'>suadere,</span> 
     </span>
     <span class='ocr_line' id='line_1_6' title="bbox 99 465 1536 518; baseline -0.001 -10"><span class='ocrx_word' id='word_1_43' title='bbox 99 468 350 508; x_wconf 80' lang='lat' dir='ltr'>Pharnabazo</span> <span class='ocrx_word' id='word_1_44' title='bbox 382 468 420 507; x_wconf 88' lang='lat' dir='ltr'>id</span> <span class='ocrx_word' id='word_1_45' title='bbox 446 466 593 518; x_wconf 84' lang='lat' dir='ltr'>negotii</span> <span class='ocrx_word' id='word_1_46' title='bbox 613 467 734 505; x_wconf 89' lang='lat' dir='ltr'>daret.</span> <span class='ocrx_word' id='word_1_47' title='bbox 776 465 877 504; x_wconf 91' lang='lat' dir='ltr'>Hinc</span> <span class='ocrx_word' id='word_1_48' title='bbox 892 496 901 512; x_wconf 86' lang='lat'>,</span> <span class='ocrx_word' id='word_1_49' title='bbox 932 465 1084 517; x_wconf 85' lang='lat' dir='ltr'>magnis</span> <span class='ocrx_word' id='word_1_50' title='bbox 1104 465 1336 505; x_wconf 89' lang='lat' dir='ltr'>muneribus</span> <span class='ocrx_word' id='word_1_51' title='bbox 1356 466 1536 512; x_wconf 82' lang='lat' dir='ltr'>donatus,</span> 
     </span>
     <span class='ocr_line' id='line_1_7' title="bbox 98 522 1536 574; baseline -0.002 -9"><span class='ocrx_word' id='word_1_52' title='bbox 98 527 145 565; x_wconf 90' lang='lat' dir='ltr'>ad</span> <span class='ocrx_word' id='word_1_53' title='bbox 162 538 267 564; x_wconf 88' lang='lat' dir='ltr'>mare</span> <span class='ocrx_word' id='word_1_54' title='bbox 283 531 339 564; x_wconf 88' lang='lat' dir='ltr'>est</span> <span class='ocrx_word' id='word_1_55' title='bbox 359 524 510 569; x_wconf 79' lang='lat' dir='ltr'>missus.</span> <span class='ocrx_word' id='word_1_56' title='bbox 535 528 577 562; x_wconf 84' lang='lat' dir='ltr'>ut</span> <span class='ocrx_word' id='word_1_57' title='bbox 594 522 744 574; x_wconf 86' lang='lat' dir='ltr'>Cypriis</span> <span class='ocrx_word' id='word_1_58' title='bbox 761 529 799 561; x_wconf 90' lang='lat' dir='ltr'>et</span> <span class='ocrx_word' id='word_1_59' title='bbox 814 522 1078 562; x_wconf 81' lang='lat' dir='ltr'>Phoenicibus</span> <span class='ocrx_word' id='word_1_60' title='bbox 1093 522 1312 573; x_wconf 87' lang='lat' dir='ltr'>ceterisque</span> <span class='ocrx_word' id='word_1_61' title='bbox 1332 522 1536 562; x_wconf 84' lang='lat' dir='ltr'>maritimis</span> 
     </span>
     <span class='ocr_line' id='line_1_8' title="bbox 97 579 1534 630; baseline -0.003 -8"><span class='ocrx_word' id='word_1_62' title='bbox 97 582 319 622; x_wconf 78' lang='lat' dir='ltr'>civitatibus</span> <span class='ocrx_word' id='word_1_63' title='bbox 333 581 438 621; x_wconf 80' lang='lat' dir='ltr'>navis</span> <span class='ocrx_word' id='word_1_64' title='bbox 454 580 590 630; x_wconf 86' lang='lat' dir='ltr'>longas</span> <span class='ocrx_word' id='word_1_65' title='bbox 606 579 816 630; x_wconf 84' lang='lat' dir='ltr'>imperaret</span> <span class='ocrx_word' id='word_1_66' title='bbox 832 579 1087 630; x_wconf 85' lang='lat' dir='ltr'>classemque,</span> <span class='ocrx_word' id='word_1_67' title='bbox 1104 592 1178 630; x_wconf 92' lang='lat' dir='ltr'>qua</span> <span class='ocrx_word' id='word_1_68' title='bbox 1196 579 1372 630; x_wconf 79' lang='lat' dir='ltr'>proxima</span> <span class='ocrx_word' id='word_1_69' title='bbox 1388 584 1534 618; x_wconf 79' lang='lat' dir='ltr'>aestate</span> 
     </span>
     <span class='ocr_line' id='line_1_9' title="bbox 100 636 1536 688; baseline -0.002 -10"><span class='ocrx_word' id='word_1_70' title='bbox 100 651 205 678; x_wconf 90' lang='lat' dir='ltr'>mare</span> <span class='ocrx_word' id='word_1_71' title='bbox 225 638 326 678; x_wconf 90' lang='lat' dir='ltr'>tueri</span> <span class='ocrx_word' id='word_1_72' title='bbox 349 641 499 688; x_wconf 87' lang='lat' dir='ltr'>posset,</span> <span class='ocrx_word' id='word_1_73' title='bbox 532 641 797 687; x_wconf 88' lang='lat' dir='ltr'>compararet,</span> <span class='ocrx_word' id='word_1_74' title='bbox 828 636 916 675; x_wconf 87' lang='lat' dir='ltr'>dato</span> <span class='ocrx_word' id='word_1_75' title='bbox 939 636 1114 675; x_wconf 92' lang='lat' dir='ltr'>adiutore</span> <span class='ocrx_word' id='word_1_76' title='bbox 1136 636 1408 684; x_wconf 84' lang='lat' dir='ltr'>Pharnabazo,</span> <span class='ocrx_word' id='word_1_77' title='bbox 1435 636 1536 676; x_wconf 84' lang='lat' dir='ltr'>sicut</span> 
     </span>
     <span class='ocr_line' id='line_1_10' title="bbox 100 692 1538 747; baseline -0.002 -13"><span class='ocrx_word' id='word_1_78' title='bbox 100 696 181 747; x_wconf 88' lang='lat' dir='ltr'>ipse</span> <span class='ocrx_word' id='word_1_79' title='bbox 198 694 385 733; x_wconf 89' lang='lat' dir='ltr'>voluerat.</span> <span class='ocrx_word' id='word_1_80' title='bbox 427 693 469 731; x_wconf 90' lang='lat' dir='ltr'>Id</span> <span class='ocrx_word' id='word_1_81' title='bbox 491 698 534 732; x_wconf 89' lang='lat' dir='ltr'>ut</span> <span class='ocrx_word' id='word_1_82' title='bbox 551 692 870 732; x_wconf 86' lang='lat' dir='ltr'>Lacedaemoniis</span> <span class='ocrx_word' id='word_1_83' title='bbox 891 698 949 732; x_wconf 88' lang='lat' dir='ltr'>est</span> <span class='ocrx_word' id='word_1_84' title='bbox 971 693 1208 740; x_wconf 86' lang='lat' dir='ltr'>nuntiatum,</span> <span class='ocrx_word' id='word_1_85' title='bbox 1233 706 1313 732; x_wconf 94' lang='lat' dir='ltr'>non</span> <span class='ocrx_word' id='word_1_86' title='bbox 1335 693 1420 733; x_wconf 87' lang='lat' dir='ltr'>sine</span> <span class='ocrx_word' id='word_1_87' title='bbox 1444 705 1538 732; x_wconf 87' lang='lat' dir='ltr'>cura</span> 
     </span>
     <span class='ocr_line' id='line_1_11' title="bbox 97 749 1535 801; baseline -0.001 -11"><span class='ocrx_word' id='word_1_88' title='bbox 97 763 180 790; x_wconf 88' lang='lat' dir='ltr'>rem</span> <span class='ocrx_word' id='word_1_89' title='bbox 211 750 508 797; x_wconf 87' lang='lat' dir='ltr'>administrant,</span> <span class='ocrx_word' id='word_1_90' title='bbox 539 750 644 801; x_wconf 88' lang='lat' dir='ltr'>quod</span> <span class='ocrx_word' id='word_1_91' title='bbox 673 750 798 789; x_wconf 88' lang='lat' dir='ltr'>maius</span> <span class='ocrx_word' id='word_1_92' title='bbox 828 749 974 788; x_wconf 90' lang='lat' dir='ltr'>bellum</span> <span class='ocrx_word' id='word_1_93' title='bbox 1004 750 1209 789; x_wconf 90' lang='lat' dir='ltr'>imminere</span> <span class='ocrx_word' id='word_1_94' title='bbox 1231 749 1535 797; x_wconf 74' lang='lat' dir='ltr'>arbitrabantur,</span> 
     </span>
     <span class='ocr_line' id='line_1_12' title="bbox 98 807 1535 859; baseline -0.001 -13"><span class='ocrx_word' id='word_1_95' title='bbox 98 819 215 859; x_wconf 89' lang='lat' dir='ltr'>quam</span> <span class='ocrx_word' id='word_1_96' title='bbox 246 807 277 846; x_wconf 87' lang='lat' dir='ltr'>si</span> <span class='ocrx_word' id='word_1_97' title='bbox 308 819 398 846; x_wconf 91' lang='lat' dir='ltr'>cum</span> <span class='ocrx_word' id='word_1_98' title='bbox 423 807 590 846; x_wconf 89' lang='lat' dir='ltr'>barbaro</span> <span class='ocrx_word' id='word_1_99' title='bbox 612 807 738 846; x_wconf 87' lang='lat' dir='ltr'>solum</span> <span class='ocrx_word' id='word_1_100' title='bbox 761 807 1060 846; x_wconf 82' lang='lat' dir='ltr'>contenderent.</span> <span class='ocrx_word' id='word_1_101' title='bbox 1101 807 1198 846; x_wconf 89' lang='lat' dir='ltr'>Nam</span> <span class='ocrx_word' id='word_1_102' title='bbox 1220 807 1360 846; x_wconf 90' lang='lat' dir='ltr'>ducem</span> <span class='ocrx_word' id='word_1_103' title='bbox 1381 807 1535 852; x_wconf 79' lang='lat' dir='ltr'>fortem,</span> 
     </span>
     <span class='ocr_line' id='line_1_13' title="bbox 97 863 1533 915; baseline -0.001 -12"><span class='ocrx_word' id='word_1_104' title='bbox 97 865 333 915; x_wconf 89' lang='lat' dir='ltr'>prudentem</span> <span class='ocrx_word' id='word_1_105' title='bbox 354 864 457 915; x_wconf 82' lang='lat' dir='ltr'>regis</span> <span class='ocrx_word' id='word_1_106' title='bbox 479 863 620 915; x_wconf 88' lang='lat' dir='ltr'>opibus</span> <span class='ocrx_word' id='word_1_107' title='bbox 636 864 907 915; x_wconf 82' lang='lat' dir='ltr'>praefuturum</span> <span class='ocrx_word' id='word_1_108' title='bbox 925 876 969 902; x_wconf 90' lang='lat' dir='ltr'>ac</span> <span class='ocrx_word' id='word_1_109' title='bbox 986 876 1121 903; x_wconf 87' lang='lat' dir='ltr'>secum</span> <span class='ocrx_word' id='word_1_110' title='bbox 1137 863 1412 903; x_wconf 87' lang='lat' dir='ltr'>dimicaturum</span> <span class='ocrx_word' id='word_1_111' title='bbox 1428 864 1533 902; x_wconf 90' lang='lat' dir='ltr'>vide-</span> 
     </span>
     <span class='ocr_line' id='line_1_14' title="bbox 98 920 1536 972; baseline -0.001 -12"><span class='ocrx_word' id='word_1_112' title='bbox 98 921 214 968; x_wconf 85' lang='lat' dir='ltr'>bant,</span> <span class='ocrx_word' id='word_1_113' title='bbox 246 933 363 972; x_wconf 91' lang='lat' dir='ltr'>quem</span> <span class='ocrx_word' id='word_1_114' title='bbox 395 933 524 971; x_wconf 89' lang='lat' dir='ltr'>neque</span> <span class='ocrx_word' id='word_1_115' title='bbox 546 920 712 960; x_wconf 92' lang='lat' dir='ltr'>consilio</span> <span class='ocrx_word' id='word_1_116' title='bbox 736 932 865 970; x_wconf 89' lang='lat' dir='ltr'>neque</span> <span class='ocrx_word' id='word_1_117' title='bbox 887 920 1010 971; x_wconf 91' lang='lat' dir='ltr'>copiis</span> <span class='ocrx_word' id='word_1_118' title='bbox 1031 933 1218 971; x_wconf 87' lang='lat' dir='ltr'>superare</span> <span class='ocrx_word' id='word_1_119' title='bbox 1239 926 1413 971; x_wconf 87' lang='lat' dir='ltr'>possent.</span> <span class='ocrx_word' id='word_1_120' title='bbox 1455 920 1536 959; x_wconf 90' lang='lat' dir='ltr'>Hac</span> 
     </span>
     <span class='ocr_line' id='line_1_15' title="bbox 96 976 1536 1029; baseline -0.001 -13"><span class='ocrx_word' id='word_1_121' title='bbox 96 985 230 1017; x_wconf 90' lang='lat' dir='ltr'>mente</span> <span class='ocrx_word' id='word_1_122' title='bbox 271 989 452 1029; x_wconf 86' lang='lat' dir='ltr'>magnam</span> <span class='ocrx_word' id='word_1_123' title='bbox 493 978 733 1016; x_wconf 85' lang='lat' dir='ltr'>contrahunt</span> <span class='ocrx_word' id='word_1_124' title='bbox 772 977 958 1025; x_wconf 87' lang='lat' dir='ltr'>classem;</span> <span class='ocrx_word' id='word_1_125' title='bbox 1001 977 1306 1028; x_wconf 87' lang='lat' dir='ltr'>proficiscuntur</span> <span class='ocrx_word' id='word_1_126' title='bbox 1346 976 1536 1016; x_wconf 87' lang='lat' dir='ltr'>Pisandro</span> 
     </span>
     <span class='ocr_line' id='line_1_16' title="bbox 98 1033 1536 1085; baseline -0.001 -12"><span class='ocrx_word' id='word_1_127' title='bbox 98 1035 210 1074; x_wconf 88' lang='lat' dir='ltr'>duce.</span> <span class='ocrx_word' id='word_1_128' title='bbox 259 1034 339 1073; x_wconf 91' lang='lat' dir='ltr'>Hos</span> <span class='ocrx_word' id='word_1_129' title='bbox 370 1033 508 1073; x_wconf 89' lang='lat' dir='ltr'>Conon</span> <span class='ocrx_word' id='word_1_130' title='bbox 544 1034 647 1085; x_wconf 87' lang='lat' dir='ltr'>apud</span> <span class='ocrx_word' id='word_1_131' title='bbox 678 1033 842 1072; x_wconf 90' lang='lat' dir='ltr'>Cnidum</span> <span class='ocrx_word' id='word_1_132' title='bbox 875 1033 1034 1073; x_wconf 88' lang='lat' dir='ltr'>adortus</span> <span class='ocrx_word' id='word_1_133' title='bbox 1063 1045 1206 1085; x_wconf 84' lang='lat' dir='ltr'>magno</span> <span class='ocrx_word' id='word_1_134' title='bbox 1236 1033 1386 1085; x_wconf 91' lang='lat' dir='ltr'>proelio</span> <span class='ocrx_word' id='word_1_135' title='bbox 1416 1034 1536 1085; x_wconf 81' lang='lat' dir='ltr'>fugat,</span> 
     </span>
     <span class='ocr_line' id='line_1_17' title="bbox 99 1090 1536 1142; baseline -0.001 -12"><span class='ocrx_word' id='word_1_136' title='bbox 99 1091 241 1130; x_wconf 88' lang='lat' dir='ltr'>multas</span> <span class='ocrx_word' id='word_1_137' title='bbox 260 1103 374 1130; x_wconf 73' lang='lat' dir='ltr'>naves</span> <span class='ocrx_word' id='word_1_138' title='bbox 395 1090 510 1142; x_wconf 86' lang='lat' dir='ltr'>capit,</span> <span class='ocrx_word' id='word_1_139' title='bbox 533 1091 756 1142; x_wconf 89' lang='lat' dir='ltr'>complures</span> <span class='ocrx_word' id='word_1_140' title='bbox 778 1090 972 1141; x_wconf 87' lang='lat' dir='ltr'>deprimit.</span> <span class='ocrx_word' id='word_1_141' title='bbox 1015 1090 1102 1136; x_wconf 87' lang='lat' dir='ltr'>Qua</span> <span class='ocrx_word' id='word_1_142' title='bbox 1123 1090 1284 1129; x_wconf 90' lang='lat' dir='ltr'>victoria</span> <span class='ocrx_word' id='word_1_143' title='bbox 1306 1103 1387 1129; x_wconf 89' lang='lat' dir='ltr'>non</span> <span class='ocrx_word' id='word_1_144' title='bbox 1409 1091 1536 1130; x_wconf 91' lang='lat' dir='ltr'>solum</span> 
     </span>
     <span class='ocr_line' id='line_1_18' title="bbox 98 1146 1535 1198; baseline -0.001 -12"><span class='ocrx_word' id='word_1_145' title='bbox 98 1149 274 1187; x_wconf 84' lang='lat' dir='ltr'>Athenae</span> <span class='ocrx_word' id='word_1_146' title='bbox 303 1148 369 1187; x_wconf 89' lang='lat' dir='ltr'>sed</span> <span class='ocrx_word' id='word_1_147' title='bbox 400 1147 515 1186; x_wconf 88' lang='lat' dir='ltr'>etiam</span> <span class='ocrx_word' id='word_1_148' title='bbox 541 1152 683 1187; x_wconf 88' lang='lat' dir='ltr'>cuncta</span> <span class='ocrx_word' id='word_1_149' title='bbox 705 1146 887 1195; x_wconf 81' lang='lat' dir='ltr'>Graecia,</span> <span class='ocrx_word' id='word_1_150' title='bbox 919 1159 1017 1198; x_wconf 91' lang='lat' dir='ltr'>quae</span> <span class='ocrx_word' id='word_1_151' title='bbox 1038 1147 1110 1186; x_wconf 89' lang='lat' dir='ltr'>sub</span> <span class='ocrx_word' id='word_1_152' title='bbox 1133 1147 1535 1187; x_wconf 85' lang='lat' dir='ltr'>Lacedaemoniorum</span> 
     </span>
     <span class='ocr_line' id='line_1_19' title="bbox 100 1204 1535 1256; baseline 0 -13"><span class='ocrx_word' id='word_1_153' title='bbox 100 1206 225 1244; x_wconf 86' lang='lat' dir='ltr'>fuerat</span> <span class='ocrx_word' id='word_1_154' title='bbox 241 1204 418 1256; x_wconf 88' lang='lat' dir='ltr'>imperio,</span> <span class='ocrx_word' id='word_1_155' title='bbox 441 1204 602 1243; x_wconf 87' lang='lat' dir='ltr'>liberata</span> <span class='ocrx_word' id='word_1_156' title='bbox 619 1209 687 1243; x_wconf 88' lang='lat' dir='ltr'>est.</span> <span class='ocrx_word' id='word_1_157' title='bbox 731 1204 868 1243; x_wconf 90' lang='lat' dir='ltr'>Conon</span> <span class='ocrx_word' id='word_1_158' title='bbox 887 1216 976 1243; x_wconf 93' lang='lat' dir='ltr'>cum</span> <span class='ocrx_word' id='word_1_159' title='bbox 996 1209 1108 1255; x_wconf 88' lang='lat' dir='ltr'>parte</span> <span class='ocrx_word' id='word_1_160' title='bbox 1130 1204 1286 1243; x_wconf 86' lang='lat' dir='ltr'>navium</span> <span class='ocrx_word' id='word_1_161' title='bbox 1308 1204 1348 1243; x_wconf 93' lang='lat' dir='ltr'>in</span> <span class='ocrx_word' id='word_1_162' title='bbox 1370 1204 1535 1255; x_wconf 87' lang='lat' dir='ltr'>patriam</span> 
     </span>
     <span class='ocr_line' id='line_1_20' title="bbox 98 1261 1535 1313; baseline 0 -14"><span class='ocrx_word' id='word_1_163' title='bbox 98 1261 215 1308; x_wconf 75' lang='lat' dir='ltr'>venit,</span> <span class='ocrx_word' id='word_1_164' title='bbox 233 1273 368 1300; x_wconf 88' lang='lat' dir='ltr'>muros</span> <span class='ocrx_word' id='word_1_165' title='bbox 383 1261 533 1300; x_wconf 86' lang='lat' dir='ltr'>dirutos</span> <span class='ocrx_word' id='word_1_166' title='bbox 548 1273 568 1299; x_wconf 89' lang='lat' dir='ltr'>a</span> <span class='ocrx_word' id='word_1_167' title='bbox 586 1261 788 1313; x_wconf 74' lang='lat' dir='ltr'>Lysandro</span> <span class='ocrx_word' id='word_1_168' title='bbox 807 1267 1008 1311; x_wconf 88' lang='lat' dir='ltr'>utrosque,</span> <span class='ocrx_word' id='word_1_169' title='bbox 1032 1266 1070 1299; x_wconf 91' lang='lat' dir='ltr'>et</span> <span class='ocrx_word' id='word_1_170' title='bbox 1085 1261 1211 1300; x_wconf 87' lang='lat' dir='ltr'>Piraei</span> <span class='ocrx_word' id='word_1_171' title='bbox 1227 1267 1265 1300; x_wconf 94' lang='lat' dir='ltr'>et</span> <span class='ocrx_word' id='word_1_172' title='bbox 1280 1261 1535 1306; x_wconf 88' lang='lat' dir='ltr'>Athenarum,</span> 
     </span>
     <span class='ocr_line' id='line_1_21' title="bbox 98 1317 1536 1369; baseline 0.001 -13"><span class='ocrx_word' id='word_1_173' title='bbox 98 1318 331 1357; x_wconf 86' lang='lat' dir='ltr'>reficiendos</span> <span class='ocrx_word' id='word_1_174' title='bbox 346 1323 456 1356; x_wconf 86' lang='lat' dir='ltr'>curat</span> <span class='ocrx_word' id='word_1_175' title='bbox 472 1317 743 1369; x_wconf 89' lang='lat' dir='ltr'>pecuniaeque</span> <span class='ocrx_word' id='word_1_176' title='bbox 766 1318 1051 1369; x_wconf 86' lang='lat' dir='ltr'>quinquaginta</span> <span class='ocrx_word' id='word_1_177' title='bbox 1072 1318 1229 1365; x_wconf 86' lang='lat' dir='ltr'>talenta,</span> <span class='ocrx_word' id='word_1_178' title='bbox 1253 1330 1352 1368; x_wconf 90' lang='lat' dir='ltr'>quae</span> <span class='ocrx_word' id='word_1_179' title='bbox 1373 1330 1394 1356; x_wconf 93' lang='lat' dir='ltr'>a</span> <span class='ocrx_word' id='word_1_180' title='bbox 1417 1317 1536 1357; x_wconf 90' lang='lat' dir='ltr'>Phar-</span> 
     </span>
     <span class='ocr_line' id='line_1_22' title="bbox 99 1374 912 1425; baseline -0.002 -11"><span class='ocrx_word' id='word_1_181' title='bbox 99 1375 248 1414; x_wconf 91' lang='lat' dir='ltr'>nabazo</span> <span class='ocrx_word' id='word_1_182' title='bbox 269 1380 486 1425; x_wconf 83' lang='lat' dir='ltr'>acceperat.</span> <span class='ocrx_word' id='word_1_183' title='bbox 508 1374 657 1414; x_wconf 88' lang='lat' dir='ltr'>civibus</span> <span class='ocrx_word' id='word_1_184' title='bbox 678 1375 759 1414; x_wconf 90' lang='lat' dir='ltr'>suis</span> <span class='ocrx_word' id='word_1_185' title='bbox 780 1375 912 1414; x_wconf 87' lang='lat' dir='ltr'>donat.</span> 
     </span>
    </p>

    <p class='ocr_par' dir='ltr' id='par_1_3' title="bbox 99 1430 1536 1539">
     <span class='ocr_line' id='line_1_23' title="bbox 211 1430 1535 1482; baseline -0.001 -11"><span class='ocrx_word' id='word_1_186' title='bbox 211 1431 362 1471; x_wconf 87' lang='lat' dir='ltr'>Accidit</span> <span class='ocrx_word' id='word_1_187' title='bbox 388 1430 501 1478; x_wconf 88' lang='lat' dir='ltr'>huic,</span> <span class='ocrx_word' id='word_1_188' title='bbox 533 1432 637 1482; x_wconf 91' lang='lat' dir='ltr'>quod</span> <span class='ocrx_word' id='word_1_189' title='bbox 655 1432 795 1471; x_wconf 89' lang='lat' dir='ltr'>ceteris</span> <span class='ocrx_word' id='word_1_190' title='bbox 816 1431 1059 1478; x_wconf 86' lang='lat' dir='ltr'>mortalibus,</span> <span class='ocrx_word' id='word_1_191' title='bbox 1082 1436 1125 1470; x_wconf 90' lang='lat' dir='ltr'>ut</span> <span class='ocrx_word' id='word_1_192' title='bbox 1146 1431 1474 1470; x_wconf 87' lang='lat' dir='ltr'>inconsideratior</span> <span class='ocrx_word' id='word_1_193' title='bbox 1495 1431 1535 1470; x_wconf 91' lang='lat' dir='ltr'>in</span> 
     </span>
     <span class='ocr_line' id='line_1_24' title="bbox 99 1487 1536 1539; baseline -0.001 -11"><span class='ocrx_word' id='word_1_194' title='bbox 99 1489 269 1528; x_wconf 89' lang='lat' dir='ltr'>secunda</span> <span class='ocrx_word' id='word_1_195' title='bbox 301 1500 418 1539; x_wconf 87' lang='lat' dir='ltr'>quam</span> <span class='ocrx_word' id='word_1_196' title='bbox 443 1488 483 1526; x_wconf 91' lang='lat' dir='ltr'>in</span> <span class='ocrx_word' id='word_1_197' title='bbox 506 1489 663 1528; x_wconf 86' lang='lat' dir='ltr'>adversa</span> <span class='ocrx_word' id='word_1_198' title='bbox 686 1495 787 1528; x_wconf 83' lang='lat' dir='ltr'>esset</span> <span class='ocrx_word' id='word_1_199' title='bbox 810 1490 979 1528; x_wconf 83' lang='lat' dir='ltr'>fortuna.</span> <span class='ocrx_word' id='word_1_200' title='bbox 1021 1487 1119 1527; x_wconf 89' lang='lat' dir='ltr'>Nam</span> <span class='ocrx_word' id='word_1_201' title='bbox 1141 1488 1263 1527; x_wconf 89' lang='lat' dir='ltr'>classe</span> <span class='ocrx_word' id='word_1_202' title='bbox 1284 1488 1536 1539; x_wconf 90' lang='lat' dir='ltr'>Peloponne-</span> 
     </span>
    </p>
   </div>
   <div class='ocr_carea' id='block_1_3' title="bbox 98 1577 787 2619">
    <p class='ocr_par' dir='ltr' id='par_1_4' title="bbox 98 1577 786 1844">
     <span class='ocr_line' id='line_1_25' title="bbox 147 1577 783 1620; baseline 0.003 -12"><span class='ocrx_word' id='word_1_203' title='bbox 147 1579 180 1608; x_wconf 84' lang='lat' dir='ltr'>et</span> <span class='ocrx_word' id='word_1_204' title='bbox 200 1577 496 1610; x_wconf 81' lang='lat' dir='ltr'>Lacedaemonios</span> <span class='ocrx_word' id='word_1_205' title='bbox 512 1577 600 1610; x_wconf 86' lang='lat' dir='ltr'>bello</span> <span class='ocrx_word' id='word_1_206' title='bbox 617 1580 783 1620; x_wconf 73' lang='lat' dir='ltr'>persequi</span> 
     </span>
     <span class='ocr_line' id='line_1_26' title="bbox 100 1622 781 1657; baseline 0.004 -4"><span class='ocrx_word' id='word_1_207' title='bbox 100 1624 253 1655; x_wconf 72' lang='lat' dir='ltr'>iusserit.</span> <span class='ocrx_word' id='word_1_208' title='bbox 286 1622 363 1656; x_wconf 90' lang='lat' dir='ltr'>Dies</span> <span class='ocrx_word' id='word_1_209' title='bbox 388 1622 482 1656; x_wconf 89' lang='lat' dir='ltr'>hatte</span> <span class='ocrx_word' id='word_1_210' title='bbox 508 1633 543 1656; x_wconf 90' lang='lat' dir='ltr'>er</span> <span class='ocrx_word' id='word_1_211' title='bbox 560 1623 666 1656; x_wconf 85' lang='lat' dir='ltr'>sehon</span> <span class='ocrx_word' id='word_1_212' title='bbox 683 1634 745 1657; x_wconf 90' lang='lat' dir='ltr'>vor</span> <span class='ocrx_word' id='word_1_213' title='bbox 763 1626 781 1657; x_wconf 90' lang='lat'><strong>3</strong></span> 
     </span>
     <span class='ocr_line' id='line_1_27' title="bbox 98 1667 782 1710; baseline 0.003 -10"><span class='ocrx_word' id='word_1_214' title='bbox 98 1667 225 1700; x_wconf 76' lang='lat' dir='ltr'>Jahren</span> <span class='ocrx_word' id='word_1_215' title='bbox 254 1668 389 1710; x_wconf 87' lang='lat' dir='ltr'>gethan.</span> <span class='ocrx_word' id='word_1_216' title='bbox 439 1667 472 1701; x_wconf 93' lang='lat' dir='ltr'>S.</span> <span class='ocrx_word' id='word_1_217' title='bbox 508 1679 548 1701; x_wconf 92' lang='lat' dir='ltr'>zu</span> <span class='ocrx_word' id='word_1_218' title='bbox 586 1679 614 1701; x_wconf 90' lang='lat' dir='ltr'>c.</span> <span class='ocrx_word' id='word_1_219' title='bbox 640 1670 673 1703; x_wconf 84' lang='lat'>2.</span> <span class='ocrx_word' id='word_1_220' title='bbox 722 1669 782 1710; x_wconf 88' lang='lat' dir='ltr'>[Zu</span> 
     </span>
     <span class='ocr_line' id='line_1_28' title="bbox 98 1713 786 1756; baseline 0.003 -12"><span class='ocrx_word' id='word_1_221' title='bbox 98 1715 265 1755; x_wconf 77' lang='lat' dir='ltr'>persequi</span> <span class='ocrx_word' id='word_1_222' title='bbox 295 1713 340 1746; x_wconf 88' lang='lat' dir='ltr'>ist</span> <span class='ocrx_word' id='word_1_223' title='bbox 366 1723 426 1746; x_wconf 84' lang='lat' dir='ltr'>aus</span> <span class='ocrx_word' id='word_1_224' title='bbox 452 1713 527 1746; x_wconf 89' lang='lat' dir='ltr'>dem</span> <span class='ocrx_word' id='word_1_225' title='bbox 546 1713 727 1756; x_wconf 79' lang='lat' dir='ltr'>folgenden</span> <span class='ocrx_word' id='word_1_226' title='bbox 754 1717 786 1746; x_wconf 83' lang='lat' dir='ltr'>ei</span> 
     </span>
     <span class='ocr_line' id='line_1_29' title="bbox 100 1758 784 1801; baseline 0.001 -10"><span class='ocrx_word' id='word_1_227' title='bbox 100 1759 152 1791; x_wconf 86' lang='lat' dir='ltr'>als</span> <span class='ocrx_word' id='word_1_228' title='bbox 183 1758 277 1800; x_wconf 89' lang='lat' dir='ltr'>Subj.</span> <span class='ocrx_word' id='word_1_229' title='bbox 306 1768 385 1790; x_wconf 83' lang='lat' dir='ltr'>eum</span> <span class='ocrx_word' id='word_1_230' title='bbox 403 1768 444 1791; x_wconf 89' lang='lat' dir='ltr'>zu</span> <span class='ocrx_word' id='word_1_231' title='bbox 462 1760 639 1801; x_wconf 82' lang='lat' dir='ltr'>erg&#39;anzen.</span> <span class='ocrx_word' id='word_1_232' title='bbox 689 1758 723 1792; x_wconf 89' lang='lat' dir='ltr'>S.</span> <span class='ocrx_word' id='word_1_233' title='bbox 743 1770 784 1792; x_wconf 90' lang='lat' dir='ltr'>zu</span> 
     </span>
     <span class='ocr_line' id='line_1_30' title="bbox 98 1803 313 1844; baseline 0.005 -9"><span class='ocrx_word' id='word_1_234' title='bbox 98 1803 185 1838; x_wconf 82' lang='lat' dir='ltr'>Milt.</span> <span class='ocrx_word' id='word_1_235' title='bbox 212 1805 242 1844; x_wconf 79' lang='lat'>2,</span> <span class='ocrx_word' id='word_1_236' title='bbox 269 1805 313 1844; x_wconf 85' lang='lat'>4.]</span> 
     </span>
    </p>

    <p class='ocr_par' dir='ltr' id='par_1_5' title="bbox 98 1848 787 1927">
     <span class='ocr_line' id='line_1_31' title="bbox 148 1848 787 1892; baseline 0.003 -11"><span class='ocrx_word' id='word_1_237' title='bbox 148 1851 268 1892; x_wconf 81' lang='lat' dir='ltr'>ipsius.</span> <span class='ocrx_word' id='word_1_238' title='bbox 294 1848 415 1882; x_wconf 87' lang='lat' dir='ltr'>Hierzu</span> <span class='ocrx_word' id='word_1_239' title='bbox 427 1849 472 1881; x_wconf 90' lang='lat' dir='ltr'>ist</span> <span class='ocrx_word' id='word_1_240' title='bbox 487 1849 579 1882; x_wconf 85' lang='lat' dir='ltr'>bloss</span> <span class='ocrx_word' id='word_1_241' title='bbox 595 1860 676 1892; x_wconf 84' lang='lat' dir='ltr'>esse,</span> <span class='ocrx_word' id='word_1_242' title='bbox 694 1850 787 1883; x_wconf 88' lang='lat' dir='ltr'>nicht</span> 
     </span>
     <span class='ocr_line' id='line_1_32' title="bbox 98 1894 572 1927; baseline 0.002 -1"><span class='ocrx_word' id='word_1_243' title='bbox 98 1894 241 1927; x_wconf 81' lang='lat' dir='ltr'>consilii</span> <span class='ocrx_word' id='word_1_244' title='bbox 265 1905 337 1926; x_wconf 86' lang='lat' dir='ltr'>esse</span> <span class='ocrx_word' id='word_1_245' title='bbox 361 1904 402 1926; x_wconf 91' lang='lat' dir='ltr'>zu</span> <span class='ocrx_word' id='word_1_246' title='bbox 428 1894 572 1927; x_wconf 88' lang='lat' dir='ltr'>denken.</span> 
     </span>
    </p>

    <p class='ocr_par' dir='ltr' id='par_1_6' title="bbox 98 1939 784 2162">
     <span class='ocr_line' id='line_1_33' title="bbox 143 1939 784 1973; baseline 0.002 -1"><span class='ocrx_word' id='word_1_247' title='bbox 143 1941 399 1973; x_wconf 70' lang='lat' dir='ltr'>Pharnabazus</span> <span class='ocrx_word' id='word_1_248' title='bbox 430 1939 546 1972; x_wconf 84' lang='lat' dir='ltr'>wurde</span> <span class='ocrx_word' id='word_1_249' title='bbox 571 1940 664 1973; x_wconf 90' lang='lat' dir='ltr'>nicht</span> <span class='ocrx_word' id='word_1_250' title='bbox 691 1940 784 1973; x_wconf 82' lang='lat' dir='ltr'>bloss</span> 
     </span>
     <span class='ocr_line' id='line_1_34' title="bbox 98 1984 784 2019; baseline 0 -1"><span class='ocrx_word' id='word_1_251' title='bbox 98 1996 173 2018; x_wconf 87' lang='lat' dir='ltr'>zum</span> <span class='ocrx_word' id='word_1_252' title='bbox 203 1984 466 2018; x_wconf 85' lang='lat' dir='ltr'>Seckelmeister</span> <span class='ocrx_word' id='word_1_253' title='bbox 500 1985 559 2018; x_wconf 89' lang='lat' dir='ltr'>des</span> <span class='ocrx_word' id='word_1_254' title='bbox 585 1985 701 2019; x_wconf 90' lang='lat' dir='ltr'>Conon</span> <span class='ocrx_word' id='word_1_255' title='bbox 735 1996 784 2018; x_wconf 89' lang='lat' dir='ltr'>er-</span> 
     </span>
     <span class='ocr_line' id='line_1_35' title="bbox 99 2030 783 2072; baseline 0.001 -9"><span class='ocrx_word' id='word_1_256' title='bbox 99 2034 214 2072; x_wconf 88' lang='lat' dir='ltr'>nannt,</span> <span class='ocrx_word' id='word_1_257' title='bbox 237 2030 383 2064; x_wconf 85' lang='lat' dir='ltr'>sondern</span> <span class='ocrx_word' id='word_1_258' title='bbox 401 2030 522 2063; x_wconf 88' lang='lat' dir='ltr'>erhielt</span> <span class='ocrx_word' id='word_1_259' title='bbox 539 2031 701 2064; x_wconf 90' lang='lat' dir='ltr'>nominell</span> <span class='ocrx_word' id='word_1_260' title='bbox 719 2031 783 2064; x_wconf 91' lang='lat' dir='ltr'>den</span> 
     </span>
     <span class='ocr_line' id='line_1_36' title="bbox 98 2075 782 2118; baseline 0.004 -11"><span class='ocrx_word' id='word_1_261' title='bbox 98 2075 303 2109; x_wconf 84' lang='lat' dir='ltr'>Oberbesehl</span> <span class='ocrx_word' id='word_1_262' title='bbox 333 2075 431 2117; x_wconf 88' lang='lat' dir='ltr'>(Xen.</span> <span class='ocrx_word' id='word_1_263' title='bbox 464 2075 548 2109; x_wconf 90' lang='lat' dir='ltr'>Hell.</span> <span class='ocrx_word' id='word_1_264' title='bbox 582 2076 636 2109; x_wconf 90' lang='lat' dir='ltr'>1V.</span> <span class='ocrx_word' id='word_1_265' title='bbox 671 2078 701 2118; x_wconf 88' lang='grc'>3,</span> <span class='ocrx_word' id='word_1_266' title='bbox 730 2079 782 2110; x_wconf 92' lang='lat'>11.</span> 
     </span>
     <span class='ocr_line' id='line_1_37' title="bbox 102 2120 397 2162; baseline 0 -9"><span class='ocrx_word' id='word_1_267' title='bbox 102 2120 194 2154; x_wconf 84' lang='lat' dir='ltr'>Diod.</span> <span class='ocrx_word' id='word_1_268' title='bbox 218 2120 304 2154; x_wconf 83' lang='lat' dir='ltr'>xlv.</span> <span class='ocrx_word' id='word_1_269' title='bbox 330 2123 397 2162; x_wconf 82' lang='lat'>81).</span> 
     </span>
    </p>

    <p class='ocr_par' dir='ltr' id='par_1_7' title="bbox 98 2166 781 2336">
     <span class='ocr_line' id='line_1_38' title="bbox 145 2166 781 2209; baseline 0.003 -11"><span class='ocrx_word' id='word_1_270' title='bbox 145 2168 176 2199; x_wconf 82' lang='lat'>2.</span> <span class='ocrx_word' id='word_1_271' title='bbox 212 2170 253 2198; x_wconf 90' lang='lat' dir='ltr'>ut</span> <span class='ocrx_word' id='word_1_272' title='bbox 294 2166 435 2209; x_wconf 74' lang='lat' dir='ltr'>Cypriis</span> <span class='ocrx_word' id='word_1_273' title='bbox 477 2170 510 2199; x_wconf 85' lang='lat' dir='ltr'>et</span> <span class='ocrx_word' id='word_1_274' title='bbox 550 2168 781 2200; x_wconf 80' lang='lat' dir='ltr'>Phoenicibus</span> 
     </span>
     <span class='ocr_line' id='line_1_39' title="bbox 99 2211 778 2246; baseline 0.003 -2"><span class='ocrx_word' id='word_1_275' title='bbox 99 2222 130 2245; x_wconf 90' lang='lat' dir='ltr'>u.</span> <span class='ocrx_word' id='word_1_276' title='bbox 149 2222 175 2244; x_wconf 81' lang='lat' dir='ltr'>s.</span> <span class='ocrx_word' id='word_1_277' title='bbox 193 2222 235 2245; x_wconf 83' lang='lat' dir='ltr'>W.</span> <span class='ocrx_word' id='word_1_278' title='bbox 277 2211 375 2245; x_wconf 86' lang='lat' dir='ltr'>Diese</span> <span class='ocrx_word' id='word_1_279' title='bbox 400 2211 511 2245; x_wconf 87' lang='lat' dir='ltr'>Flotte</span> <span class='ocrx_word' id='word_1_280' title='bbox 536 2212 652 2246; x_wconf 88' lang='lat' dir='ltr'>wurde</span> <span class='ocrx_word' id='word_1_281' title='bbox 672 2213 778 2246; x_wconf 84' lang='lat' dir='ltr'>sehon</span> 
     </span>
     <span class='ocr_line' id='line_1_40' title="bbox 98 2256 780 2300; baseline 0.003 -10"><span class='ocrx_word' id='word_1_282' title='bbox 98 2257 164 2290; x_wconf 84' lang='lat' dir='ltr'>seit</span> <span class='ocrx_word' id='word_1_283' title='bbox 197 2259 216 2291; x_wconf 87' lang='lat'><strong>3</strong></span> <span class='ocrx_word' id='word_1_284' title='bbox 251 2256 375 2290; x_wconf 87' lang='lat' dir='ltr'>Jahren</span> <span class='ocrx_word' id='word_1_285' title='bbox 410 2258 780 2300; x_wconf 86' lang='lat' dir='ltr'>zusammengebracht.</span> 
     </span>
     <span class='ocr_line' id='line_1_41' title="bbox 101 2303 312 2336; baseline 0 -1"><span class='ocrx_word' id='word_1_286' title='bbox 101 2303 133 2335; x_wconf 80' lang='lat' dir='ltr'>S.</span> <span class='ocrx_word' id='word_1_287' title='bbox 160 2313 201 2336; x_wconf 93' lang='lat' dir='ltr'>zu</span> <span class='ocrx_word' id='word_1_288' title='bbox 227 2313 255 2335; x_wconf 92' lang='lat' dir='ltr'>c.</span> <span class='ocrx_word' id='word_1_289' title='bbox 281 2304 312 2336; x_wconf 82' lang='lat'>2.</span> 
     </span>
    </p>

    <p class='ocr_par' dir='ltr' id='par_1_8' title="bbox 98 2348 783 2619">
     <span class='ocr_line' id='line_1_42' title="bbox 146 2348 781 2382; baseline 0 0"><span class='ocrx_word' id='word_1_290' title='bbox 146 2350 177 2382; x_wconf 90' lang='lat'>3.</span> <span class='ocrx_word' id='word_1_291' title='bbox 204 2358 280 2381; x_wconf 83' lang='lat' dir='ltr'>cum</span> <span class='ocrx_word' id='word_1_292' title='bbox 306 2349 459 2381; x_wconf 74' lang='lat' dir='ltr'>barbaro</span> <span class='ocrx_word' id='word_1_293' title='bbox 476 2348 589 2381; x_wconf 84' lang='lat' dir='ltr'>solum</span> <span class='ocrx_word' id='word_1_294' title='bbox 613 2352 697 2382; x_wconf 86' lang='lat' dir='ltr'>statt</span> <span class='ocrx_word' id='word_1_295' title='bbox 722 2348 781 2382; x_wconf 85' lang='lat' dir='ltr'>des</span> 
     </span>
     <span class='ocr_line' id='line_1_43' title="bbox 102 2393 780 2436; baseline 0.001 -10"><span class='ocrx_word' id='word_1_296' title='bbox 102 2393 398 2436; x_wconf 69' lang='lat' dir='ltr'>gewohnlicheren</span> <span class='ocrx_word' id='word_1_297' title='bbox 415 2394 501 2435; x_wconf 89' lang='lat' dir='ltr'>solo,</span> <span class='ocrx_word' id='word_1_298' title='bbox 526 2394 592 2427; x_wconf 87' lang='lat' dir='ltr'>wie</span> <span class='ocrx_word' id='word_1_299' title='bbox 611 2393 676 2427; x_wconf 88' lang='lat' dir='ltr'>Cic.</span> <span class='ocrx_word' id='word_1_300' title='bbox 694 2393 780 2428; x_wconf 87' lang='lat' dir='ltr'>Phil.</span> 
     </span>
     <span class='ocr_line' id='line_1_44' title="bbox 100 2437 782 2480; baseline 0 -8"><span class='ocrx_word' id='word_1_301' title='bbox 100 2439 135 2472; x_wconf 89' lang='lat' dir='ltr'>ll.</span> <span class='ocrx_word' id='word_1_302' title='bbox 157 2441 210 2480; x_wconf 87' lang='lat'>32,</span> <span class='ocrx_word' id='word_1_303' title='bbox 235 2441 274 2472; x_wconf 85' lang='lat'>81</span> <span class='ocrx_word' id='word_1_304' title='bbox 303 2437 377 2472; x_wconf 86' lang='lat' dir='ltr'>Nos</span> <span class='ocrx_word' id='word_1_305' title='bbox 403 2442 495 2472; x_wconf 85' lang='lat' dir='ltr'>enim</span> <span class='ocrx_word' id='word_1_306' title='bbox 520 2441 782 2472; x_wconf 77' lang='lat' dir='ltr'>nuntiationem</span> 
     </span>
     <span class='ocr_line' id='line_1_45' title="bbox 98 2484 782 2527; baseline 0.003 -11"><span class='ocrx_word' id='word_1_307' title='bbox 98 2484 210 2517; x_wconf 84' lang='lat' dir='ltr'>solum</span> <span class='ocrx_word' id='word_1_308' title='bbox 236 2486 423 2527; x_wconf 77' lang='lat' dir='ltr'>habemus,</span> <span class='ocrx_word' id='word_1_309' title='bbox 454 2485 614 2519; x_wconf 80' lang='lat' dir='ltr'>consules</span> <span class='ocrx_word' id='word_1_310' title='bbox 639 2489 672 2518; x_wconf 86' lang='lat' dir='ltr'>et</span> <span class='ocrx_word' id='word_1_311' title='bbox 701 2486 782 2518; x_wconf 80' lang='lat' dir='ltr'>reli-</span> 
     </span>
     <span class='ocr_line' id='line_1_46' title="bbox 101 2532 783 2573; baseline 0.001 -11"><span class='ocrx_word' id='word_1_312' title='bbox 101 2532 162 2571; x_wconf 84' lang='lat' dir='ltr'>qui</span> <span class='ocrx_word' id='word_1_313' title='bbox 184 2532 417 2572; x_wconf 77' lang='lat' dir='ltr'>magistratus</span> <span class='ocrx_word' id='word_1_314' title='bbox 436 2532 540 2563; x_wconf 82' lang='lat' dir='ltr'>etiam</span> <span class='ocrx_word' id='word_1_315' title='bbox 558 2533 783 2573; x_wconf 80' lang='lat' dir='ltr'>spectionem,</span> 
     </span>
     <span class='ocr_line' id='line_1_47' title="bbox 101 2574 781 2619; baseline 0.004 -12"><span class='ocrx_word' id='word_1_316' title='bbox 101 2574 143 2607; x_wconf 87' lang='lat' dir='ltr'>de</span> <span class='ocrx_word' id='word_1_317' title='bbox 168 2574 224 2609; x_wconf 88' lang='lat' dir='ltr'>fin.</span> <span class='ocrx_word' id='word_1_318' title='bbox 242 2575 277 2609; x_wconf 88' lang='lat'>11.</span> <span class='ocrx_word' id='word_1_319' title='bbox 304 2578 354 2617; x_wconf 87' lang='grc'>13,</span> <span class='ocrx_word' id='word_1_320' title='bbox 380 2578 423 2610; x_wconf 79' lang='grc'>44</span> <span class='ocrx_word' id='word_1_321' title='bbox 450 2579 488 2609; x_wconf 84' lang='lat' dir='ltr'>ut</span> <span class='ocrx_word' id='word_1_322' title='bbox 506 2579 647 2619; x_wconf 79' lang='lat' dir='ltr'>sapiens</span> <span class='ocrx_word' id='word_1_323' title='bbox 670 2577 781 2610; x_wconf 84' lang='lat' dir='ltr'>solum</span> 
     </span>
    </p>
   </div>
   <div class='ocr_carea' id='block_1_4' title="bbox 169 2635 722 2672">
    <p class='ocr_par' dir='ltr' id='par_1_9' title="bbox 169 2635 722 2672">
     <span class='ocr_line' id='line_1_48' title="bbox 169 2635 722 2672; baseline 0.005 -10"><span class='ocrx_word' id='word_1_324' title='bbox 169 2635 324 2663; x_wconf 82' lang='lat' dir='ltr'>Cornelius</span> <span class='ocrx_word' id='word_1_325' title='bbox 343 2635 440 2672; x_wconf 74' lang='lat' dir='ltr'>Nepos</span> <span class='ocrx_word' id='word_1_326' title='bbox 459 2636 521 2672; x_wconf 78' lang='lat' dir='ltr'>(Gr.</span> <span class='ocrx_word' id='word_1_327' title='bbox 541 2638 584 2671; x_wconf 69' lang='lat' dir='ltr'>A.)</span> <span class='ocrx_word' id='word_1_328' title='bbox 605 2639 632 2664; x_wconf 78' lang='lat'>2.</span> <span class='ocrx_word' id='word_1_329' title='bbox 651 2638 722 2665; x_wconf 67' lang='lat' dir='ltr'>Auss.</span> 
     </span>
    </p>
   </div>
   <div class='ocr_carea' id='block_1_5' title="bbox 850 1577 1538 1666">
    <p class='ocr_par' dir='ltr' id='par_1_10' title="bbox 850 1577 1538 1666">
     <span class='ocr_line' id='line_1_49' title="bbox 850 1577 1535 1620; baseline 0 -10"><span class='ocrx_word' id='word_1_330' title='bbox 850 1580 927 1610; x_wconf 75' lang='lat' dir='ltr'>sine</span> <span class='ocrx_word' id='word_1_331' title='bbox 940 1577 1168 1619; x_wconf 77' lang='lat' dir='ltr'>aegritudine</span> <span class='ocrx_word' id='word_1_332' title='bbox 1183 1580 1296 1620; x_wconf 81' lang='lat' dir='ltr'>possit</span> <span class='ocrx_word' id='word_1_333' title='bbox 1308 1581 1343 1609; x_wconf 86' lang='lat' dir='ltr'>et</span> <span class='ocrx_word' id='word_1_334' title='bbox 1353 1579 1429 1609; x_wconf 83' lang='lat' dir='ltr'>sine</span> <span class='ocrx_word' id='word_1_335' title='bbox 1441 1581 1535 1610; x_wconf 87' lang='lat' dir='ltr'>metu</span> 
     </span>
     <span class='ocr_line' id='line_1_50' title="bbox 851 1622 1538 1666; baseline -0.001 -10"><span class='ocrx_word' id='word_1_336' title='bbox 851 1626 988 1665; x_wconf 78' lang='lat' dir='ltr'>vivere,</span> <span class='ocrx_word' id='word_1_337' title='bbox 1020 1622 1057 1656; x_wconf 91' lang='lat' dir='ltr'>ll.</span> <span class='ocrx_word' id='word_1_338' title='bbox 1085 1625 1121 1665; x_wconf 83' lang='lat'>6,</span> <span class='ocrx_word' id='word_1_339' title='bbox 1151 1625 1189 1656; x_wconf 86' lang='lat'>17</span> <span class='ocrx_word' id='word_1_340' title='bbox 1219 1624 1329 1665; x_wconf 77' lang='lat' dir='ltr'>Quasi</span> <span class='ocrx_word' id='word_1_341' title='bbox 1352 1634 1434 1656; x_wconf 78' lang='lat' dir='ltr'>vero</span> <span class='ocrx_word' id='word_1_342' title='bbox 1455 1634 1538 1666; x_wconf 73' lang='lat' dir='ltr'>pet·-</span> 
     </span>
    </p>
   </div>
   <div class='ocr_carea' id='block_1_6' title="bbox 847 1669 1536 1713">
    <p class='ocr_par' dir='ltr' id='par_1_11' title="bbox 847 1669 1536 1713">
     <span class='ocr_line' id='line_1_51' title="bbox 847 1669 1536 1713; baseline -0.003 -11"><span class='ocrx_word' id='word_1_343' title='bbox 847 1673 958 1713; x_wconf 79' lang='lat' dir='ltr'>petua</span> <span class='ocrx_word' id='word_1_344' title='bbox 978 1670 1095 1701; x_wconf 77' lang='lat' dir='ltr'>oratio</span> <span class='ocrx_word' id='word_1_345' title='bbox 1113 1670 1296 1701; x_wconf 75' lang='lat' dir='ltr'>rhetor-um</span> <span class='ocrx_word' id='word_1_346' title='bbox 1313 1669 1440 1710; x_wconf 81' lang='lat' dir='ltr'>solum,</span> <span class='ocrx_word' id='word_1_347' title='bbox 1464 1680 1536 1702; x_wconf 87' lang='lat' dir='ltr'>non</span> 
     </span>
    </p>
   </div>
   <div class='ocr_carea' id='block_1_7' title="bbox 851 1714 1537 2572">
    <p class='ocr_par' dir='ltr' id='par_1_12' title="bbox 852 1714 1537 1884">
     <span class='ocr_line' id='line_1_52' title="bbox 853 1714 1535 1757; baseline 0 -10"><span class='ocrx_word' id='word_1_348' title='bbox 853 1717 961 1747; x_wconf 84' lang='lat' dir='ltr'>etiam</span> <span class='ocrx_word' id='word_1_349' title='bbox 984 1714 1279 1757; x_wconf 78' lang='lat' dir='ltr'>philosophorum</span> <span class='ocrx_word' id='word_1_350' title='bbox 1309 1717 1370 1756; x_wconf 85' lang='lat' dir='ltr'>sit,</span> <span class='ocrx_word' id='word_1_351' title='bbox 1394 1714 1444 1749; x_wconf 91' lang='lat' dir='ltr'>Ill.</span> <span class='ocrx_word' id='word_1_352' title='bbox 1484 1716 1535 1755; x_wconf 88' lang='lat'>19,</span> 
     </span>
     <span class='ocr_line' id='line_1_53' title="bbox 854 1760 1537 1802; baseline -0.003 -9"><span class='ocrx_word' id='word_1_353' title='bbox 854 1762 895 1794; x_wconf 88' lang='grc'>63</span> <span class='ocrx_word' id='word_1_354' title='bbox 923 1762 1092 1792; x_wconf 83' lang='lat' dir='ltr'>immanes</span> <span class='ocrx_word' id='word_1_355' title='bbox 1109 1760 1283 1802; x_wconf 83' lang='lat' dir='ltr'>quaedam</span> <span class='ocrx_word' id='word_1_356' title='bbox 1309 1762 1442 1792; x_wconf 84' lang='lat' dir='ltr'>bestiae</span> <span class='ocrx_word' id='word_1_357' title='bbox 1469 1761 1537 1793; x_wconf 83' lang='lat' dir='ltr'>sibi</span> 
     </span>
     <span class='ocr_line' id='line_1_54' title="bbox 852 1805 1534 1847; baseline 0 -10"><span class='ocrx_word' id='word_1_358' title='bbox 852 1805 966 1837; x_wconf 84' lang='lat' dir='ltr'>solum</span> <span class='ocrx_word' id='word_1_359' title='bbox 997 1808 1104 1837; x_wconf 81' lang='lat' dir='ltr'>natae</span> <span class='ocrx_word' id='word_1_360' title='bbox 1132 1809 1234 1847; x_wconf 85' lang='lat' dir='ltr'>sunt,</span> <span class='ocrx_word' id='word_1_361' title='bbox 1271 1805 1312 1838; x_wconf 89' lang='lat' dir='ltr'>de</span> <span class='ocrx_word' id='word_1_362' title='bbox 1356 1805 1411 1838; x_wconf 84' lang='lat' dir='ltr'>off.</span> <span class='ocrx_word' id='word_1_363' title='bbox 1446 1805 1468 1839; x_wconf 94' lang='grc' dir='ltr'>Ι.</span> <span class='ocrx_word' id='word_1_364' title='bbox 1504 1807 1534 1846; x_wconf 81' lang='lat'>7,</span> 
     </span>
     <span class='ocr_line' id='line_1_55' title="bbox 855 1851 1513 1884; baseline -0.003 0"><span class='ocrx_word' id='word_1_365' title='bbox 855 1852 897 1884; x_wconf 86' lang='lat'>22</span> <span class='ocrx_word' id='word_1_366' title='bbox 922 1861 995 1882; x_wconf 91' lang='lat' dir='ltr'>non</span> <span class='ocrx_word' id='word_1_367' title='bbox 1018 1851 1119 1882; x_wconf 80' lang='lat' dir='ltr'>nobis</span> <span class='ocrx_word' id='word_1_368' title='bbox 1141 1851 1256 1883; x_wconf 87' lang='lat' dir='ltr'>solum</span> <span class='ocrx_word' id='word_1_369' title='bbox 1280 1853 1359 1883; x_wconf 83' lang='lat' dir='ltr'>nati</span> <span class='ocrx_word' id='word_1_370' title='bbox 1381 1861 1513 1883; x_wconf 84' lang='lat' dir='ltr'>sumus.</span> 
     </span>
    </p>

    <p class='ocr_par' dir='ltr' id='par_1_13' title="bbox 897 1894 1438 1938">
     <span class='ocr_line' id='line_1_56' title="bbox 897 1894 1438 1938; baseline 0.004 -11"><span class='ocrx_word' id='word_1_371' title='bbox 897 1906 1078 1938; x_wconf 74' lang='lat' dir='ltr'>superare.</span> <span class='ocrx_word' id='word_1_372' title='bbox 1127 1894 1160 1929; x_wconf 92' lang='lat' dir='ltr'>S.</span> <span class='ocrx_word' id='word_1_373' title='bbox 1186 1906 1228 1929; x_wconf 91' lang='lat' dir='ltr'>zu</span> <span class='ocrx_word' id='word_1_374' title='bbox 1253 1895 1324 1938; x_wconf 91' lang='lat' dir='ltr'>lph.</span> <span class='ocrx_word' id='word_1_375' title='bbox 1353 1898 1381 1936; x_wconf 92' lang='lat'>1,</span> <span class='ocrx_word' id='word_1_376' title='bbox 1409 1897 1438 1929; x_wconf 86' lang='lat'>2.</span> 
     </span>
    </p>

    <p class='ocr_par' dir='ltr' id='par_1_14' title="bbox 856 1940 1534 2029">
     <span class='ocr_line' id='line_1_57' title="bbox 899 1940 1534 1983; baseline 0.002 -9"><span class='ocrx_word' id='word_1_377' title='bbox 899 1944 930 1975; x_wconf 92' lang='lat'>4.</span> <span class='ocrx_word' id='word_1_378' title='bbox 949 1941 1023 1973; x_wconf 84' lang='lat' dir='ltr'>Hac</span> <span class='ocrx_word' id='word_1_379' title='bbox 1039 1944 1153 1973; x_wconf 86' lang='lat' dir='ltr'>mente</span> <span class='ocrx_word' id='word_1_380' title='bbox 1178 1941 1243 1974; x_wconf 86' lang='lat' dir='ltr'>wie</span> <span class='ocrx_word' id='word_1_381' title='bbox 1261 1940 1346 1974; x_wconf 91' lang='lat' dir='ltr'>Dion</span> <span class='ocrx_word' id='word_1_382' title='bbox 1364 1943 1396 1983; x_wconf 88' lang='lat'>9,</span> <span class='ocrx_word' id='word_1_383' title='bbox 1418 1944 1444 1974; x_wconf 89' lang='lat'>1.</span> <span class='ocrx_word' id='word_1_384' title='bbox 1464 1940 1534 1975; x_wconf 90' lang='lat' dir='ltr'>Pel.</span> 
     </span>
     <span class='ocr_line' id='line_1_58' title="bbox 856 1986 1408 2029; baseline -0.002 -9"><span class='ocrx_word' id='word_1_385' title='bbox 856 1989 884 2025; x_wconf 80' lang='lat'>1,</span> <span class='ocrx_word' id='word_1_386' title='bbox 910 1989 941 2020; x_wconf 82' lang='lat'>4.</span> <span class='ocrx_word' id='word_1_387' title='bbox 966 1986 1030 2029; x_wconf 82' lang='lat' dir='ltr'>Ag.</span> <span class='ocrx_word' id='word_1_388' title='bbox 1056 1989 1086 2026; x_wconf 90' lang='lat'>4,</span> <span class='ocrx_word' id='word_1_389' title='bbox 1113 1989 1144 2020; x_wconf 84' lang='lat'>4.</span> <span class='ocrx_word' id='word_1_390' title='bbox 1169 1986 1293 2021; x_wconf 88' lang='lat' dir='ltr'>Timol.</span> <span class='ocrx_word' id='word_1_391' title='bbox 1324 1990 1351 2027; x_wconf 90' lang='lat'>1,</span> <span class='ocrx_word' id='word_1_392' title='bbox 1377 1989 1408 2020; x_wconf 83' lang='lat'>4.</span> 
     </span>
    </p>

    <p class='ocr_par' dir='ltr' id='par_1_15' title="bbox 900 2032 1534 2075">
     <span class='ocr_line' id='line_1_59' title="bbox 900 2032 1534 2075; baseline 0.003 -11"><span class='ocrx_word' id='word_1_393' title='bbox 900 2032 997 2075; x_wconf 76' lang='lat' dir='ltr'>apud</span> <span class='ocrx_word' id='word_1_394' title='bbox 1021 2032 1181 2065; x_wconf 75' lang='lat' dir='ltr'>Cnidum.</span> <span class='ocrx_word' id='word_1_395' title='bbox 1232 2032 1281 2066; x_wconf 88' lang='lat' dir='ltr'>Ol.</span> <span class='ocrx_word' id='word_1_396' title='bbox 1308 2033 1362 2073; x_wconf 84' lang='lat'>96,</span> <span class='ocrx_word' id='word_1_397' title='bbox 1389 2033 1534 2066; x_wconf 78' lang='lat'>3=394.</span> 
     </span>
    </p>

    <p class='ocr_par' dir='ltr' id='par_1_16' title="bbox 851 2077 1536 2345">
     <span class='ocr_line' id='line_1_60' title="bbox 900 2077 1536 2119; baseline 0.002 -10"><span class='ocrx_word' id='word_1_398' title='bbox 900 2078 976 2119; x_wconf 79' lang='lat' dir='ltr'>Qua</span> <span class='ocrx_word' id='word_1_399' title='bbox 996 2079 1144 2110; x_wconf 80' lang='lat' dir='ltr'>victoria</span> <span class='ocrx_word' id='word_1_400' title='bbox 1162 2089 1194 2111; x_wconf 91' lang='lat' dir='ltr'>u.</span> <span class='ocrx_word' id='word_1_401' title='bbox 1213 2088 1238 2111; x_wconf 91' lang='lat' dir='ltr'>s.</span> <span class='ocrx_word' id='word_1_402' title='bbox 1254 2088 1297 2110; x_wconf 89' lang='lat' dir='ltr'>w.</span> <span class='ocrx_word' id='word_1_403' title='bbox 1334 2077 1447 2110; x_wconf 84' lang='lat' dir='ltr'>Athen</span> <span class='ocrx_word' id='word_1_404' title='bbox 1465 2088 1536 2110; x_wconf 82' lang='lat' dir='ltr'>war</span> 
     </span>
     <span class='ocr_line' id='line_1_61' title="bbox 853 2121 1534 2164; baseline 0.001 -9"><span class='ocrx_word' id='word_1_405' title='bbox 853 2123 959 2156; x_wconf 87' lang='lat' dir='ltr'>schon</span> <span class='ocrx_word' id='word_1_406' title='bbox 973 2121 1023 2156; x_wconf 91' lang='lat' dir='ltr'>Ol.</span> <span class='ocrx_word' id='word_1_407' title='bbox 1035 2124 1089 2164; x_wconf 87' lang='lat'>94,</span> <span class='ocrx_word' id='word_1_408' title='bbox 1104 2125 1250 2157; x_wconf 75' lang='lat'>2:403</span> <span class='ocrx_word' id='word_1_409' title='bbox 1265 2122 1397 2157; x_wconf 86' lang='lat' dir='ltr'>befreit.</span> <span class='ocrx_word' id='word_1_410' title='bbox 1424 2122 1534 2156; x_wconf 87' lang='lat' dir='ltr'>Durch</span> 
     </span>
     <span class='ocr_line' id='line_1_62' title="bbox 852 2167 1535 2202; baseline 0 -1"><span class='ocrx_word' id='word_1_411' title='bbox 852 2168 906 2201; x_wconf 86' lang='lat' dir='ltr'>die</span> <span class='ocrx_word' id='word_1_412' title='bbox 933 2167 1095 2201; x_wconf 87' lang='lat' dir='ltr'>Schlacht</span> <span class='ocrx_word' id='word_1_413' title='bbox 1124 2168 1280 2202; x_wconf 82' lang='lat' dir='ltr'>verloren</span> <span class='ocrx_word' id='word_1_414' title='bbox 1312 2168 1365 2201; x_wconf 89' lang='lat' dir='ltr'>die</span> <span class='ocrx_word' id='word_1_415' title='bbox 1390 2168 1535 2201; x_wconf 72' lang='lat' dir='ltr'>Laceda-</span> 
     </span>
     <span class='ocr_line' id='line_1_63' title="bbox 851 2213 1534 2247; baseline -0.001 0"><span class='ocrx_word' id='word_1_416' title='bbox 851 2214 981 2247; x_wconf 90' lang='lat' dir='ltr'>monier</span> <span class='ocrx_word' id='word_1_417' title='bbox 995 2213 1048 2246; x_wconf 87' lang='lat' dir='ltr'>die</span> <span class='ocrx_word' id='word_1_418' title='bbox 1066 2214 1272 2247; x_wconf 82' lang='lat' dir='ltr'>asiatisclien</span> <span class='ocrx_word' id='word_1_419' title='bbox 1286 2213 1450 2247; x_wconf 87' lang='lat' dir='ltr'>Griechen</span> <span class='ocrx_word' id='word_1_420' title='bbox 1466 2214 1534 2247; x_wconf 89' lang='lat' dir='ltr'>und</span> 
     </span>
     <span class='ocr_line' id='line_1_64' title="bbox 851 2259 1532 2300; baseline 0.001 -8"><span class='ocrx_word' id='word_1_421' title='bbox 851 2259 905 2292; x_wconf 90' lang='lat' dir='ltr'>die</span> <span class='ocrx_word' id='word_1_422' title='bbox 930 2259 1042 2292; x_wconf 89' lang='lat' dir='ltr'>lnseln</span> <span class='ocrx_word' id='word_1_423' title='bbox 1067 2259 1164 2300; x_wconf 86' lang='lat' dir='ltr'>(Xen.</span> <span class='ocrx_word' id='word_1_424' title='bbox 1190 2259 1275 2292; x_wconf 87' lang='lat' dir='ltr'>Hell.</span> <span class='ocrx_word' id='word_1_425' title='bbox 1301 2259 1354 2293; x_wconf 88' lang='lat' dir='ltr'>IV.</span> <span class='ocrx_word' id='word_1_426' title='bbox 1382 2261 1412 2293; x_wconf 79' lang='lat'>8.</span> <span class='ocrx_word' id='word_1_427' title='bbox 1438 2259 1532 2293; x_wconf 88' lang='lat' dir='ltr'>Diod.</span> 
     </span>
     <span class='ocr_line' id='line_1_65' title="bbox 851 2304 1029 2345; baseline 0.006 -8"><span class='ocrx_word' id='word_1_428' title='bbox 851 2304 935 2338; x_wconf 87' lang='lat' dir='ltr'>XIV.</span> <span class='ocrx_word' id='word_1_429' title='bbox 963 2306 1029 2345; x_wconf 81' lang='lat'>84).</span> 
     </span>
    </p>

    <p class='ocr_par' dir='ltr' id='par_1_17' title="bbox 852 2349 1533 2572">
     <span class='ocr_line' id='line_1_66' title="bbox 898 2349 1533 2392; baseline -0.002 -8"><span class='ocrx_word' id='word_1_430' title='bbox 898 2353 930 2385; x_wconf 83' lang='lat'>5.</span> <span class='ocrx_word' id='word_1_431' title='bbox 956 2349 1007 2384; x_wconf 89' lang='lat' dir='ltr'>Ol.</span> <span class='ocrx_word' id='word_1_432' title='bbox 1019 2352 1073 2392; x_wconf 83' lang='lat'>96,</span> <span class='ocrx_word' id='word_1_433' title='bbox 1087 2352 1161 2384; x_wconf 85' lang='lat'>4=</span> <span class='ocrx_word' id='word_1_434' title='bbox 1172 2352 1248 2384; x_wconf 87' lang='grc'><strong>393.</strong></span> <span class='ocrx_word' id='word_1_435' title='bbox 1273 2349 1338 2383; x_wconf 90' lang='lat' dir='ltr'>Das</span> <span class='ocrx_word' id='word_1_436' title='bbox 1352 2360 1420 2383; x_wconf 81' lang='lat' dir='ltr'>von</span> <span class='ocrx_word' id='word_1_437' title='bbox 1432 2349 1533 2383; x_wconf 87' lang='lat' dir='ltr'>Phar-</span> 
     </span>
     <span class='ocr_line' id='line_1_67' title="bbox 852 2394 1533 2437; baseline 0 -9"><span class='ocrx_word' id='word_1_438' title='bbox 852 2395 1001 2428; x_wconf 84' lang='lat' dir='ltr'>nabazus</span> <span class='ocrx_word' id='word_1_439' title='bbox 1036 2395 1244 2437; x_wconf 81' lang='lat' dir='ltr'>geschenkte</span> <span class='ocrx_word' id='word_1_440' title='bbox 1276 2395 1378 2435; x_wconf 89' lang='lat' dir='ltr'>Geld,</span> <span class='ocrx_word' id='word_1_441' title='bbox 1411 2394 1533 2428; x_wconf 88' lang='lat' dir='ltr'>dessen</span> 
     </span>
     <span class='ocr_line' id='line_1_68' title="bbox 852 2440 1533 2484; baseline 0.001 -11"><span class='ocrx_word' id='word_1_442' title='bbox 852 2440 989 2474; x_wconf 89' lang='lat' dir='ltr'>Summe</span> <span class='ocrx_word' id='word_1_443' title='bbox 1014 2441 1129 2484; x_wconf 87' lang='lat' dir='ltr'>Nepos</span> <span class='ocrx_word' id='word_1_444' title='bbox 1155 2441 1255 2474; x_wconf 87' lang='lat' dir='ltr'>allein</span> <span class='ocrx_word' id='word_1_445' title='bbox 1282 2441 1411 2483; x_wconf 84' lang='lat' dir='ltr'>angibt,</span> <span class='ocrx_word' id='word_1_446' title='bbox 1439 2440 1533 2474; x_wconf 85' lang='lat' dir='ltr'>ward</span> 
     </span>
     <span class='ocr_line' id='line_1_69' title="bbox 852 2485 1531 2528; baseline 0.001 -9"><span class='ocrx_word' id='word_1_447' title='bbox 852 2486 938 2519; x_wconf 89' lang='lat' dir='ltr'>eben</span> <span class='ocrx_word' id='word_1_448' title='bbox 953 2497 1028 2519; x_wconf 90' lang='lat' dir='ltr'>zum</span> <span class='ocrx_word' id='word_1_449' title='bbox 1043 2485 1226 2520; x_wconf 84' lang='lat' dir='ltr'>Mauerbau</span> <span class='ocrx_word' id='word_1_450' title='bbox 1241 2486 1416 2520; x_wconf 86' lang='lat' dir='ltr'>verwandt</span> <span class='ocrx_word' id='word_1_451' title='bbox 1433 2486 1531 2528; x_wconf 89' lang='lat' dir='ltr'>(Xen.</span> 
     </span>
     <span class='ocr_line' id='line_1_70' title="bbox 852 2531 1225 2572; baseline 0.003 -8"><span class='ocrx_word' id='word_1_452' title='bbox 852 2532 937 2565; x_wconf 86' lang='lat' dir='ltr'>Hell.</span> <span class='ocrx_word' id='word_1_453' title='bbox 963 2531 1017 2566; x_wconf 88' lang='lat' dir='ltr'>IV.</span> <span class='ocrx_word' id='word_1_454' title='bbox 1044 2533 1074 2566; x_wconf 88' lang='lat'>8.</span> <span class='ocrx_word' id='word_1_455' title='bbox 1101 2534 1132 2566; x_wconf 85' lang='lat'>9.</span> <span class='ocrx_word' id='word_1_456' title='bbox 1160 2534 1225 2572; x_wconf 86' lang='lat'>12).</span> 
     </span>
    </p>
   </div>
   <div class='ocr_carea' id='block_1_8' title="bbox 896 2576 1532 2667">
    <p class='ocr_par' dir='ltr' id='par_1_18' title="bbox 896 2576 1532 2667">
     <span class='ocr_line' id='line_1_71' title="bbox 896 2576 1532 2612; baseline -0.002 0"><span class='ocrx_word' id='word_1_457' title='bbox 896 2577 933 2612; x_wconf 72' lang='grc' dir='ltr'>ἕ).</span> <span class='ocrx_word' id='word_1_458' title='bbox 975 2580 1002 2611; x_wconf 88' lang='lat'>1.</span> <span class='ocrx_word' id='word_1_459' title='bbox 1037 2577 1101 2610; x_wconf 87' lang='lat' dir='ltr'>Das</span> <span class='ocrx_word' id='word_1_460' title='bbox 1127 2576 1307 2611; x_wconf 84' lang='lat' dir='ltr'>Vorhabeu</span> <span class='ocrx_word' id='word_1_461' title='bbox 1333 2577 1391 2611; x_wconf 86' lang='lat' dir='ltr'>des</span> <span class='ocrx_word' id='word_1_462' title='bbox 1416 2577 1532 2612; x_wconf 87' lang='lat' dir='ltr'>Conon</span> 
     </span>
     <span class='ocr_line' id='line_1_72' title="bbox 1240 2636 1259 2667; baseline 0 0"><span class='ocrx_word' id='word_1_463' title='bbox 1240 2636 1259 2667; x_wconf 88' lang='grc'><strong>6</strong></span> 
     </span>
    </p>
   </div>
   <div class='ocr_carea' id='block_1_9' title="bbox 1568 474 1585 506">
    <p class='ocr_par' dir='ltr' id='par_1_19' title="bbox 1568 474 1585 506">
     <span class='ocr_line' id='line_1_73' title="bbox 1568 474 1585 506; textangle 90"><span class='ocrx_word' id='word_1_464' title='bbox 1568 474 1585 506; x_wconf 62' lang='grc' dir='ltr'>Ιὺ</span> 
     </span>
    </p>
   </div>
   <div class='ocr_carea' id='block_1_10' title="bbox 1569 701 1586 731">
    <p class='ocr_par' dir='ltr' id='par_1_20' title="bbox 1569 701 1586 731">
     <span class='ocr_line' id='line_1_74' title="bbox 1569 701 1586 731; baseline 0 0"><span class='ocrx_word' id='word_1_465' title='bbox 1569 701 1586 731; x_wconf 86' lang='grc'><em>3</em></span> 
     </span>
    </p>
   </div>
  </div>
 </body>
</html>
