1780 2877
667 104 733 139 vll.
759 103 1020 139 ALClsslADES.
1059 107 1089 139 6.
1541 102 1594 142 63

163 229 273 264 tanta
303 221 558 261 commutatio
589 233 721 260 rerum
750 223 848 261 facta
872 227 948 269 est,
977 226 1020 260 ut
1040 219 1359 268 Lacedaemonii,
1393 222 1459 271 qui
1478 222 1594 273 paulo

163 285 255 320 ante
283 279 452 318 victores
483 279 705 330 viguerant,
735 278 935 331 perterriti
964 289 1100 329 pacem
1128 282 1321 328 peterent.
1364 277 1461 316 Victi
1490 279 1595 318 enim

165 342 277 377 erant
299 336 474 387 quinque
495 335 656 388 proeliis
684 335 954 383 terrestribus,
983 334 1109 373 tribus
1130 333 1352 382 navalibus3
1382 334 1421 373 in
1453 335 1596 385 quibus

163 395 353 434 ducentas
375 403 493 432 naves
514 392 694 432 triremes
715 392 939 438 amiserant,
961 403 1059 442 quae
1077 396 1212 442 captae
1229 390 1269 429 in
1287 391 1460 430 hostium
1476 404 1595 431 vene-

162 456 252 491 rant
272 455 518 502 potestatem.
558 448 777 488 Alcibiades
797 448 913 487 simul
927 460 1018 487 cum
1033 447 1193 499 collegis
1213 454 1415 499 receperat
1430 448 1591 496 Ioniam,
1612 456 1631 487 6

162 508 475 559 Hellespontum,
498 505 639 545 multas
661 511 862 556 praeterea
884 504 1002 545 urbes
1024 504 1202 552 Graecas,
1226 517 1326 556 quae
1348 505 1387 544 in
1411 518 1478 544 ora
1500 506 1595 546 sitae

162 572 255 605 sunt
271 564 468 610 Thraciae,
492 575 656 614 quarum
675 567 948 614 expugnarant
964 562 1200 614 complures,
1218 562 1257 601 in
1275 562 1335 602 his
1350 562 1594 615 Byzantium,

162 635 292 673 neque
313 621 445 660 minus
466 620 607 659 multas
630 619 794 659 consilio
817 620 863 659 ad
885 619 1093 659 amicitiam
1124 620 1403 668 adiunxerant,
1427 621 1532 671 quod
1554 621 1594 658 in

162 685 296 731 captos
317 677 523 717 clementia
543 677 701 716 fuerant
720 677 793 717 usi.
833 677 890 716 Ita
912 677 1055 728 praeda
1076 677 1208 716 onusti
1224 677 1463 728 locupletato
1481 689 1592 717 exer·
1614 684 1632 715 τ

161 736 240 774 citu
271 734 449 774 maximis
477 734 597 775 rebus
626 734 745 786 gestis
775 734 946 774 Athenas
976 740 1183 774 venerunt.
1227 734 1295 774 His
1326 747 1414 774 cum
1447 735 1600 774 obviam
1620 736 1645 772 6

160 792 341 832 universa
363 791 494 831 civitas
515 791 555 830 in
578 791 760 831 Piraeum
782 792 1068 839 descendisset,
1097 797 1205 831 tanta
1225 791 1300 830 fuit
1328 792 1506 832 omnium
1528 806 1594 832 ex-

159 849 348 901 spectatio
364 849 514 888 visendi
532 849 752 896 Alcibiadis,
770 854 814 889 ut
830 850 876 889 ad
893 850 976 889 eius
992 849 1193 888 triremem
1207 848 1346 900 Vulgus
1363 850 1594 895 conflueret,

157 906 326 958 proinde
347 919 391 945 ac
413 906 445 945 si
465 906 572 946 solus
592 907 824 946 advenisset.
865 906 929 946 Sic
950 906 1055 946 enim
1077 905 1225 957 populo
1242 911 1324 944 erat
1345 919 1591 958 persuasum,
1612 911 1632 944 2

159 970 198 1002 et
227 964 406 1003 adversas
436 964 660 1015 superiores
683 969 720 1002 et
748 970 977 1015 praesentes
998 963 1191 1003 secundas
1211 975 1274 1002 res
1303 963 1489 1003 accidisse
1511 965 1595 1004 eius

159 1033 291 1072 opera.
334 1020 469 1071 Itaque
491 1026 527 1059 et
550 1020 702 1059 Siciliae
723 1020 910 1060 amissum
932 1026 969 1059 et
990 1018 1393 1060 Lacedaemoniorum
1417 1021 1594 1061 victorias

158 1077 296 1129 culpae
317 1089 410 1116 suae
432 1077 676 1125 tribuebant,
709 1078 814 1128 quod
835 1078 952 1117 talem
973 1077 1099 1117 virum
1121 1089 1142 1116 e
1164 1076 1317 1116 civitate
1339 1078 1594 1129 expulissent.

158 1156 199 1189 33
235 1156 302 1196 [11,
329 1156 384 1195 23]
411 1156 482 1186 nisi
507 1154 696 1196 aliquoties
721 1166 766 1187 ea*
790 1158 841 1198 ip-

155 1203 203 1232 sis
232 1202 499 1233 accusatoribus
525 1202 701 1233 vobiscum
724 1201 840 1243 simul,

156 1246 302 1289 iudices,
327 1246 514 1287 audissem,
539 1245 580 1278 de
606 1246 706 1280 domo
726 1248 779 1289 30,
798 1248 840 1280 79

156 1292 328 1334 hodieque
342 1291 577 1324 Volaterrani
587 1291 766 1330 fruuntur
779 1303 842 1325 no-

155 1339 288 1370 biscum
308 1337 416 1369 simul
438 1339 504 1370 lzae
529 1339 685 1380 civitate,
710 1338 752 1371 ad
768 1338 839 1372 Att.

157 1382 196 1417 V.
218 1385 270 1425 10,
288 1385 307 1417 5
329 1386 478 1426 propter
501 1385 724 1416 vicinitatem
750 1387 840 1417 totos

156 1429 230 1462 {lies
252 1429 361 1461 simul
386 1439 527 1461 eramus
550 1432 711 1462 invicem.

200 1492 232 1525 5.
257 1491 726 1534 Lacedaemonii—pacem
747 1496 841 1535 pete-

154 1539 244 1569 rent.
278 1536 329 1571 Ol.
344 1539 398 1579 92,
413 1539 558 1571 2=410.
595 1537 640 1570 So
660 1538 746 1571 auch
764 1538 842 1571 Phi-

153 1581 314 1616 lochorus
346 1583 378 1616 b.
413 1582 528 1617 Schol.
559 1594 600 1616 zu
625 1583 703 1617 Eur.
731 1583 840 1618 Orest.

155 1630 233 1660 371.
259 1630 334 1662 772.
367 1627 464 1662 Diod.
497 1628 576 1662 XIII
610 1631 663 1663 52.
702 1630 840 1663 Aristid.

154 1672 176 1705 I.
192 1675 258 1707 265
272 1672 369 1707 Dind.
383 1673 538 1707 JustinV.
553 1677 585 1715 4,
600 1677 630 1709 4.
649 1675 840 1719 Xenophon

155 1719 309 1752 erwahnt
335 1719 388 1752 die
414 1718 522 1752 Sache
547 1721 651 1754 nicht.

202 1781 514 1824 quinqueproeliis
525 1784 760 1823 terrestribus,
777 1785 840 1815 tri-

155 1829 217 1860 bus
243 1827 441 1860 navalibus.
480 1827 540 1860 Die
565 1828 707 1861 letztern
726 1839 840 1862 waren

152 1872 207 1905 bei
240 1872 455 1916 Kynossema
490 1872 609 1914 (Thuc.
642 1873 723 1907 VIII.
752 1876 841 1916 104),

152 1917 296 1962 Abydos
321 1917 421 1959 (Xen.
446 1917 576 1952 Hellen.
602 1919 624 1952 Ι.
648 1921 674 1956 1,
699 1921 745 1961 4),
771 1919 842 1964 ΚΥ-

153 1963 250 1997 zikos
277 1963 374 2006 (Xen.
401 1963 487 1998 Hell.
513 1964 535 1999 l.
562 1966 592 2006 2,
616 1966 669 2005 16)
695 1965 761 1998 alle
789 1965 838 1999 Ol.

153 2011 208 2051 92,
235 2011 388 2047 2=411;
423 2010 476 2042 die
503 2014 631 2043 erstern
657 2010 712 2043 bei
737 2010 839 2054 Kyzi-

153 2054 217 2088 kos
250 2036 406 2098 zugleich
437 2056 498 2089 mit
523 2055 582 2089 der
607 2056 839 2099 Seeschlacht,

155 2100 206 2134 01.
237 2100 455 2143 922l³==410
489 2101 545 2134 bei
578 2101 708 2146 Pygela
740 2102 838 2143 (Xen.

153 2145 240 2179 Hell.
257 2146 278 2179 1.
295 2148 326 2188 2,
341 2147 386 2187 2),
404 2147 458 2179 bei
476 2147 618 2191 Abydos
637 2147 733 2190 (Xen.
752 2147 839 2182 Hell.

153 2191 227 2233 I.2,
249 2193 313 2232 16),
339 2192 394 2224 bei
419 2192 521 2226 Nisaa
543 2193 652 2231 (Diod.
670 2193 752 2227 XIII
772 2197 839 2235 65),

156 2236 280 2277 01.9‚2
299 2238 432 2271 3=409
449 2238 505 2271 bei
524 2238 717 2273 Chalcedon
741 2239 839 2281 (Xen.

153 2281 239 2316 Hell.
253 2282 275 2316 I.
291 2285 323 2323 3,
339 2286 384 2325 5),
402 2282 474 2316 also
488 2284 582 2317 nicht
601 2285 667 2317 alle
684 2296 706 2317 v
717 2296 764 2318 or
782 2285 840 2318 der

154 2327 245 2361 Bitte
263 2328 321 2361 der
338 2328 601 2363 Laced'amonier
624 2341 680 2363 um
698 2329 839 2365 Frieden

153 2375 253 2412 (ticli
277 2385 323 2406 et·
332 2376 437 2416 ant).

199 2434 238 2464 in
259 2433 386 2474 quibus
410 2433 581 2465 ducentas
605 2443 712 2465 naves
737 2435 840 2466 trire—

152 2488 224 2510 mes
248 2489 280 2511 u.
305 2488 332 2511 s.
357 2488 402 2510 w.
445 2478 490 2512 So
515 2479 600 2511 auch
634 2477 730 2512 Diod.
756 2479 838 2513 XIII.

155 2524 208 2557 68.
227 2522 339 2556 Justin
354 2523 393 2557 V.
408 2526 439 2566 4,
454 2526 484 2558 8.
498 2524 620 2558 Athen.
638 2524 705 2559 XII.
720 2526 784 2559 535
803 2525 838 2559 C.

153 2568 248 2602 Nach
282 2568 371 2603 Plut.
402 2570 474 2604 Alc.
511 2572 552 2604 32
586 2570 751 2613 betrugen
785 2570 839 2604 die

911 1165 1159 1198 genommenen
1178 1155 1245 1188 und
1263 1158 1450 1189 zei-stertei]
1471 1155 1596 1190 Schiffe

910 1211 1107 1235 zusammen
1133 1201 1251 1235 soviel.

957 1249 987 1281 6.
1020 1247 1170 1288 Ioniam,
1195 1258 1258 1280 nur
1282 1257 1358 1280 zum
1385 1247 1462 1281 sehr
1487 1248 1597 1290 gerin-

911 1303 975 1336 gen
993 1292 1107 1330 The—ik
1121 1312 1166 1316 —-
1180 1293 1453 1336 Hellespontum,
1470 1296 1596 1327 ‘ausser

909 1338 1064 1381 Abydos.
1089 1338 1186 1372 Diod.
1211 1338 1292 1373 XIII.
1320 1340 1373 1372 68.

961 1384 1145 1417 Thraciae.
1179 1383 1239 1417 Die
1250 1384 1348 1418 Hdss.
1363 1385 1480 1418 Asiae.
1505 1384 1596 1417 Aber

910 1429 945 1462 in
971 1429 1076 1462 Asien
1100 1430 1219 1462 hatten
1245 1430 1298 1462 die
1320 1430 1472 1463 Athener
1495 1430 1596 1463 keine

912 1475 1031 1508 Stadte
1046 1485 1163 1508 ausser
1172 1475 1288 1508 Ionien
1302 1475 1371 1508 und
1380 1476 1455 1509 dem
1466 1476 1596 1509 Helles—

911 1525 995 1564 pont
1029 1531 1239 1563 gewonnen,
1270 1521 1339 1554 und
1368 1521 1505 1565 Byzanz
1539 1522 1596 1564 lag

911 1568 945 1600 in
963 1566 1141 1608 Thraeien,
1166 1577 1222 1600 wo
1249 1567 1335 1600 auch
1359 1567 1448 1600 viele
1476 1567 1594 1601 Stadte

912 1623 980 1646 von
1016 1612 1211 1646 Alcibiades
1251 1612 1320 1646 und
1359 1612 1595 1657 Thrasybulus

911 1658 1144 1692 unterworfen
1169 1658 1321 1692 wurden.

957 1705 1005 1737 ad
1039 1706 1238 1737 amicitiam
1275 1705 1474 1747 adiungere
1509 1704 1596 1737 wird

911 1754 1032 1792 gesagt
1062 1749 1128 1783 wie
1161 1761 1198 1782 se
1227 1750 1410 1793 applicare
1438 1751 1486 1783 ad
1510 1752 1598 1783 ami-

912 1797 1044 1838 citiam,
1067 1795 1367 1838 familiaritatem,
1391 1798 1596 1829 societatem

910 1840 1025 1881 (Arist.
1051 1842 1083 1883 2,
1109 1842 1141 1881 3)
1167 1841 1341 1883 alieuius,
1368 1842 1507 1875 obwohl
1541 1841 1595 1875 die

911 1885 1158 1919 Freundschaft
1188 1890 1256 1919 erst
1290 1886 1394 1920 durch
1429 1887 1494 1920 den
1526 1887 1595 1920 An-

911 1931 1045 1965 schluss
1071 1932 1233 1965 entsteht.
1256 1932 1323 1965 Cic.
1349 1932 1392 1965 ad
1416 1932 1495 1967 fam.
1513 1932 1595 1968 XIII.

914 1980 966 2019 11,
985 1979 1004 2011 3
1022 1978 1141 2010 Bonos
1166 1981 1261 2010 viros
1287 1978 1334 2010 ad
1357 1981 1457 2010 tuam
1481 1989 1598 2011 neces-

908 2023 1101 2055 situdinem
1126 2024 1338 2056 adiunxeris
1347 2037 1359 2064 ,·
1385 2025 1438 2065 29,
1457 2025 1477 2057 8
1497 2024 1598 2067 Capi—

911 2072 1028 2102 tonem
1078 2069 1126 2101 ad
1165 2073 1264 2101 taam
1303 2070 1598 2102 necessitudinem
1662 2077 1669 2085 “

910 2115 1135 2148 adiunaeeris.
1166 2115 1203 2154 Q.
1223 2115 1289 2148 Cic.
1308 2118 1377 2158 pet.
1397 2125 1489 2149 cons.
1506 2117 1537 2158 7,
1553 2117 1595 2149 25

910 2171 1148 2203 quoscumque
1180 2161 1284 2202 velis,
1319 2161 1518 2203 adiungere
1551 2161 1599 2194 ad

910 2208 1119 2239 amicitiam.

957 2255 986 2286 7.
1013 2251 1063 2285 Ol.
1079 2254 1133 2294 92,
1152 2254 1285 2287 4=408
1304 2264 1345 2286 zu
1362 2252 1515 2295 Anfangs
1534 2251 1593 2286 des

910 2297 1094 2331 Sommers.

957 2344 1171 2387 locupletato
1186 2347 1347 2377 eoeercitu
1362 2343 1427 2376 wie
1440 2343 1504 2385 Ag.
1515 2345 1546 2386 3,
1562 2344 1594 2378 2.

955 2388 992 2424 6.
1011 2393 1038 2423 1.
1047 2391 1216 2422 universa
1227 2392 1353 2422 civitas
1361 2390 1427 2422 wie
1437 2390 1507 2422 Att.
1519 2392 1550 2429 4,
1562 2391 1593 2422 5.

956 2436 986 2469 2.
1013 2437 1162 2468 amissus
1179 2435 1310 2469 kommt
1335 2446 1396 2469 nur
1420 2435 1493 2468 dies
1519 2435 1593 2468 eine

909 2479 976 2513 Mal
995 2491 1074 2520 vor;
1101 2491 1172 2515 was
1190 2482 1249 2514 mit
1267 2481 1443 2514 mehreren
1461 2480 1593 2514 solcher

909 2525 1251 2560 Verbalsubstantive
1277 2526 1336 2560 der
1359 2527 1430 2560 Fall
1455 2527 1510 2561 ist.

956 2572 1094 2615 [eulpae
1130 2583 1216 2605 suae
1254 2574 1467 2605 tribuebant.
1515 2571 1593 2613 Vgl.
