1780 2877
143 397 166 431 5

200 104 284 144 136
702 105 788 139 XVI.
813 104 1061 138 PELOPmAS.
1088 106 1119 137 5.

198 224 281 269 nu),
304 233 463 273 quoque
484 221 659 260 Messena
681 220 847 259 celerius
867 220 1152 264 restitueretur,
1175 218 1325 269 legatus
1350 218 1389 257 in
1412 218 1551 257 Persas
1573 223 1636 257 est

200 279 412 329 profectus.
454 278 630 328 Denique
653 278 747 316 haec
776 277 850 316 fuit
869 276 989 315 altera
1018 287 1189 327 persona
1210 274 1376 322 Thebis,
1405 276 1472 314 sed
1500 281 1632 314 tamen

200 335 372 375 secunda
393 335 456 382 ita,
478 340 522 374 ut
541 334 719 386 proxima
741 340 842 373 esset
862 332 1170 385 Epaminondae.

314 392 568 432 Conflictatus
588 397 717 430 autem
740 396 798 430 est
828 403 918 430 cum
940 390 1098 429 adversa
1119 390 1290 427 fortuna.
1331 388 1427 427 Nam
1449 393 1488 428 et
1507 387 1638 436 initio,

199 450 300 488 sicut
323 448 586 495 ostendimus,
608 448 698 487 exul
718 447 842 499 patria
864 447 1001 494 caruit,
1029 452 1068 485 et
1088 458 1179 485 cum
1201 445 1439 484 Thessaliam
1460 444 1500 483 in
1521 450 1636 496 pote-

198 512 335 545 statem
357 505 634 544 Thebanorum
656 511 819 556 cuperet
838 504 1015 555 redigere
1031 502 1317 554 legationisque
1337 502 1421 541 iure
1442 501 1535 541 satis
1554 507 1642 541 tec-

202 570 284 602 tum
306 575 346 602 se
368 562 635 608 arbitraretur,
661 562 766 612 quod
786 561 890 613 apud
912 573 1049 599 omnes
1069 565 1207 611 gentes
1227 564 1406 598 sanctum
1429 570 1514 598 esse
1535 570 1636 597 con-

203 625 371 666 suesset,
404 631 422 656 a
445 625 613 670 tyranno
634 618 855 656 Alexandro
877 618 1049 656 Pheraeo
1080 617 1195 656 simul
1225 629 1315 655 cum
1336 615 1505 654 Ismenia
1526 627 1637 654 com-

203 677 422 727 prehensus
450 674 490 713 in
513 674 638 712 vincla
660 674 864 713 coniectus
893 680 963 713 est.
1004 674 1120 713 Hunc
1153 673 1446 725 Epaminondas
1475 684 1640 723 recupe-

204 733 320 780 ravit,
349 732 450 770 bello
472 743 717 782 persequens
738 731 1014 769 Alexandrum.
1056 730 1149 769 Post
1179 730 1216 768 id
1246 730 1391 768 factum
1423 741 1641 780 numquam

203 790 335 827 animo
357 788 503 840 placari
524 787 651 839 potuit
672 787 711 826 in
735 799 837 834 eum,
859 800 878 825 a
902 799 980 837 quo
1001 792 1083 825 erat
1104 786 1278 825 violatus.
1320 786 1454 837 ltaque
1476 798 1643 837 persua-

205 846 253 885 sit
270 845 479 891 Thebanis,
502 851 544 884 ut
565 844 740 883 subsidio
763 843 984 883 Thessaliae
1005 843 1353 894 proficiscerentur
1372 848 1645 894 tyrannosque

208 903 290 941 eius
318 902 572 953 expellerent.
623 901 741 940 Cuius
770 900 863 939 belli
898 913 988 940 cum
1017 899 1052 938 ei
1082 911 1235 939 summa
1263 905 1365 938 esset
1399 899 1485 938 data
1515 911 1645 950 eoque

207 972 296 998 cum
318 959 490 998 exercitu
513 959 715 1010 profectus
745 963 868 1005 esset,
901 970 982 996 non
1005 956 1213 1001 dubitavit,
1244 955 1407 995 simulac
1437 956 1648 1007 conspexit

212 1017 382 1062 hostem,
405 1015 629 1066 confligere.
671 1015 716 1054 In
739 1028 817 1066 quo
839 1014 990 1066 proelio
1012 1014 1275 1052 Alexandrum
1297 1019 1341 1052 ut
1360 1011 1647 1059 animadvertit,

218 1074 404 1119 incensus
431 1072 486 1111 ira
517 1085 662 1123 equum
691 1072 731 1110 in
767 1084 856 1110 eum
885 1071 1114 1117 concitavit,
1153 1070 1371 1122 proculque
1399 1069 1598 1121 digressus
1626 1081 1648 1107 a

217 1130 318 1178 suis,
349 1130 531 1168 coniectu
556 1129 724 1168 telorum
754 1129 962 1168 confossus
991 1127 1175 1167 concidit.
1215 1129 1342 1178 Atque
1371 1127 1447 1166 hoc
1475 1126 1649 1166 secunda

218 1241 278 1274 das
297 1241 438 1283 SubJect
454 1240 724 1283 Epaminondas
741 1239 822 1273 oder
840 1240 900 1272 ille

218 1287 447 1329 ausgelassen.
499 1285 532 1320 S.
559 1296 599 1318 zu
626 1285 745 1319 Them.
773 1288 804 1327 6,
829 1288 860 1319 4.

263 1343 400 1375 quoque
423 1351 467 1356 ——
487 1330 685 1374 profectus:
736 1330 786 1364 Ol.
825 1332 900 1373 103,

218 1380 362 1412 2:367.
388 1377 544 1410 Messene
557 1387 626 1409 war
638 1377 743 1410 sehon
757 1376 808 1409 Ol.
826 1378 900 1417 102,

217 1425 350 1456 2:370
376 1434 416 1455 zu
442 1423 535 1455 Ende
567 1422 785 1464 hergestellt3
810 1422 901 1455 heim

215 1469 326 1511 Kdnig
350 1468 518 1502 bewirkte
543 1467 737 1511 Pelopidas,
763 1468 840 1501 dass
866 1477 902 1500 er

215 1514 341 1556 hesahl,
359 1513 413 1547 die
426 1513 688 1546 Laced‘amonier
701 1513 826 1546 sollten
845 1513 901 1546 da-

216 1559 292 1593 rauf
300 1559 505 1592 verzichten.
528 1559 612 1592 Xen.
625 1558 709 1592 Hell.
725 1558 792 1592 VII.
808 1561 835 1600 1,
848 1560 899 1592 36.

262 1605 299 1640 5.
328 1608 355 1639 1.
384 1605 616 1645 Conflictatus
648 1608 700 1636 est
729 1615 810 1637 cum
839 1604 902 1636 ad-

218 1661 320 1683 versa
350 1650 502 1690 fortuna
536 1650 600 1682 wie
635 1649 711 1683 Ter.
745 1649 851 1683 Andr.
877 1649 899 1682 Ι.

222 1700 251 1737 l,
277 1698 319 1730 6ss
346 1698 408 1738 qui
436 1706 514 1728 cum
538 1697 694 1737 ingeniis
719 1697 902 1735 conflicta-

220 1745 281 1774 tur
313 1742 503 1783 eiusmodi,
536 1740 671 1774 Phorm.
702 1740 752 1775 Ill.
786 1743 825 1782 2,
858 1742 901 1774 20

220 1786 294 1820 Nec
319 1798 397 1819 cnm
414 1787 618 1819 huiusmodi
634 1797 801 1828 umquam
821 1797 904 1818 usus

218 1834 326 1874 venit,
344 1835 385 1864 ut
403 1834 628 1872 conflictares
645 1832 749 1873 malo,
775 1831 842 1866 Cic.
861 1831 902 1864 de

219 1879 289 1911 har.
308 1888 396 1921 resp.
419 1879 469 1919 19,
486 1880 527 1911 41
549 1888 627 1910 cum
647 1879 702 1910 his
721 1878 904 1917 conflicta-

220 1926 255 1956 ri
286 1926 320 1955 ct
350 1934 417 1966 pro
449 1923 565 1955 salute
593 1925 735 1965 patriae
771 1922 904 1955 cotidie

222 1970 403 2003 dimicare.
468 1969 692 2002 Gewohnlich
731 1969 793 2001 mit
829 1967 904 2001 dem

220 2015 359 2048 blossen
385 2014 543 2055 Ablativ,
576 2014 645 2047 und
675 2024 712 2047 so
739 2014 825 2047 auch
850 2014 905 2047 bei

220 2060 336 2103 Nepos
362 2059 446 2093 Dion
474 2061 505 2101 2,
530 2062 561 2093 4.
587 2059 711 2094 Timol.
740 2062 767 2100 1,
794 2061 825 2093 2.

269 2109 302 2138 et
328 2116 406 2138 cum
435 2105 648 2138 Thessaliam
666 2116 699 2138 u.
717 2115 744 2138 s.
762 2115 807 2138 w,
856 2103 907 2139 Ol.

227 2154 302 2193 102,
319 2153 467 2185 4=368.
514 2150 591 2193 Vgl.
618 2161 658 2183 zu
684 2150 744 2193 Ep.
771 2153 803 2191 7,
834 2153 858 2183 1.

270 2199 300 2230 2.
326 2198 561 2239 recuperavit.
609 2195 687 2229 Dies
721 2176 805 2227 wird
837 2205 906 2228 von

224 2242 397 2276 Personen
422 2241 664 2284 gewohnlich
657 2252 690 2273 in
708 2240 783 2273 dem
803 2239 907 2273 Sinne

224 2283 290 2320 die
321 2287 520 2330 Zuneigung
550 2286 731 2320 Jemandes
765 2286 908 2318 wieder-

227 2331 417 2375 gewinnen’
438 2336 569 2375 gesagt,
588 2332 725 2373 selt‚ner
744 2331 809 2364 wie
824 2332 907 2372 hier,

226 2376 424 2412 ‘Jemanden
443 2378 742 2420 wiedererlangen,
768 2377 825 2410 der
840 2379 908 2410 ort-

227 2424 294 2456 lich
328 2434 396 2457 von
429 2424 540 2457 einem
575 2426 733 2477 getrennt
765 2422 846 2456 oder
874 2422 907 2454 in

228 2469 372 2502 sremder
401 2469 535 2503 Gewalt
566 2463 633 2502 ist.
695 2468 740 2502 So
771 2468 908 2500 obsides

228 2525 440 2556 recuperare
469 2514 524 2547 bei
560 2515 625 2547 Cic.
651 2514 718 2547 div.
752 2514 786 2546 in
812 2513 907 2546 Caec.

230 2561 284 2600 22,
299 2561 341 2592 72
366 2560 434 2593 und
448 2560 522 2594 C‘as.
548 2560 589 2593 de
607 2560 638 2594 1).
657 2559 736 2603 gall.
753 2559 802 2593 Ill.
823 2561 852 2600 8,
871 2560 907 2597 23

970 1240 1036 1273 Cic.
1063 1239 1104 1273 ad
1130 1239 1208 1273 sam.
1232 1239 1257 1273 1.
1274 1240 1306 1279 9,
1327 1241 1366 1272 16
1388 1249 1468 1271 ωιτη
1491 1248 1547 1270 mc
1570 1239 1653 1271 uni-

970 1296 1070 1318 versa
1095 1295 1151 1317 res
1172 1284 1317 1327 publica
1335 1285 1496 1316 omnibus
1512 1285 1586 1316 suis
1601 1285 1654 1316 vi-

970 1333 1068 1363 ribus
1090 1332 1385 1373 recuperavisset,
1408 1328 1494 1362 XIV.
1522 1331 1551 1371 1,
1577 1330 1596 1362 3
1620 1330 1654 1361 si

970 1388 1032 1409 vos
1057 1379 1090 1409 et
1113 1387 1168 1408 me
1192 1377 1306 1417 ipsum
1323 1385 1549 1417 recuperaro,
1575 1374 1650 1409 cas.

970 1422 1011 1455 de
1028 1422 1061 1454 b.
1080 1421 1159 1464 gall.
1186 1420 1253 1454 Vll.
1275 1423 1330 1462 43,
1356 1423 1374 1453 3
1401 1421 1488 1453 haec
1510 1419 1655 1459 faciunt

970 1467 1292 1510 reciperandorum
1314 1476 1461 1498 suorum
1487 1476 1607 1498 causa.

1016 1514 1099 1546 Post
1130 1513 1170 1545 id
1199 1512 1336 1552 factum
1375 1511 1468 1544 nicht
1501 1510 1561 1544 aus
1591 1510 1655 1543 das

971 1558 1131 1598 Nachste,
1157 1557 1302 1590 sondern
1322 1556 1383 1589 das
1401 1557 1549 1590 Fruhere
1565 1555 1601 1599 (ξ
1623 1557 1656 1597 1)

971 1603 1245 1646 zurfickgehend.
1297 1602 1372 1645 Vgl.
1391 1603 1455 1645 Ag.
1473 1604 1505 1644 2,
1523 1604 1554 1636 3.
1572 1604 1604 1643 8,
1623 1603 1655 1635 2.

970 1649 1038 1683 und
1064 1660 1105 1682 zu
1129 1649 1202 1682 Alc.
1229 1650 1261 1689 8,
1287 1650 1317 1682 3.

1018 1695 1140 1737 Itaque
1157 1705 1189 1727 u.
1209 1704 1235 1728 s,
1255 1704 1297 1727 w.
1336 1692 1386 1727 Ol.
1416 1695 1490 1734 104,
1511 1694 1654 1727 1=364.

972 1740 1015 1773 Es
1040 1739 1200 1773 handelte
1225 1739 1297 1772 sich
1320 1739 1413 1772 nicht
1429 1749 1485 1772 um
1503 1738 1657 1771 mehrere

972 1785 1166 1829 Tyrannen,
1191 1784 1337 1818 sondern
1360 1795 1421 1817 nur
1437 1795 1493 1817 um
1510 1784 1658 1817 Alexan-

973 1831 1031 1864 der
1063 1841 1131 1863 von
1156 1830 1274 1864 Pher'a.
1323 1830 1389 1863 Der
1420 1829 1534 1863 Plural
1565 1829 1656 1862 kann

973 1887 1032 1909 zur
1055 1876 1148 1909 Noth
1174 1887 1242 1910 von
1268 1875 1391 1909 dessen
1414 1875 1581 1917 Anhange
1607 1884 1659 1907 er—

973 1922 1064 1955 klart
1089 1921 1237 1955 werden.

1013 1970 1043 2001 3.
1054 1978 1132 1999 cum
1144 1968 1315 1999 emer-citu.
1330 1965 1414 1998 Dass
1422 1964 1493 1998 Pel.
1503 1964 1558 1998 ein
1569 1963 1660 1997 'rhe-

975 2013 1162 2046 banerheer
1186 2012 1272 2044 nach
1290 2010 1492 2044 Thessalien
1509 2009 1660 2052 gesuhrt,

977 2058 1145 2091 berichtet
1170 2057 1255 2090 auch
1274 2056 1368 2090 Diod.
1386 2055 1458 2090 XV.
1477 2058 1530 2090 80.
1564 2055 1659 2088 Nach

977 2103 1068 2137 Plut.
1086 2102 1157 2136 Pel.
1184 2105 1222 2135 31
1251 2102 1333 2135 liess
1358 2111 1395 2134 er
1419 2111 1539 2144 wegen
1565 2101 1661 2134 eines

976 2148 1242 2191 ungliicklichen
1258 2147 1487 2180 Vorzeichens
1504 2146 1559 2179 die
1571 2146 1663 2179 The-

976 2194 1080 2227 baner
1094 2193 1220 2227 zuriick
1229 2193 1296 2226 und
1308 2193 1390 2235 ging
1403 2192 1505 2226 allein
1518 2192 1581 2225 mit
1593 2193 1661 2226 300

977 2239 1192 2281 sreiwilligen
1219 2238 1357 2271 Reitern
1385 2237 1454 2271 und
1479 2237 1660 2271 Soldnern.

1020 2285 1172 2317 simulac
1202 2285 1397 2327 conspeaeit.
1447 2283 1562 2326 Nepos
1595 2283 1655 2315 hat

977 2341 1019 2363 ac
1044 2341 1105 2364 vor
1130 2341 1148 2362 c
1172 2340 1235 2363 nur
1261 2340 1303 2362 an
1328 2329 1439 2362 dieser
1461 2327 1580 2370 Stelle,
1604 2327 1662 2360 nie

977 2387 1038 2409 vor
1059 2387 1086 2418 g
1112 2375 1194 2408 oder
1219 2386 1249 2417 q.

1024 2425 1055 2455 4.
1105 2431 1233 2463 equum
1263 2422 1301 2452 in
1340 2429 1417 2452 cum
1456 2420 1662 2452 concitavit.

978 2466 1072 2500 Nach
1110 2465 1290 2499 Plutarchs
1322 2464 1539 2507 Darstellung
1572 2463 1661 2504 (Pel.

979 2514 1036 2552 32)
1061 2522 1132 2544 war
1156 2510 1227 2545 Pel
1254 2521 1295 2544 zu
1320 2510 1414 2543 Fuss.

1023 2557 1177 2590 secunda
1201 2557 1354 2590 victoria
1377 2551 1445 2588 ‘bei
1466 2554 1661 2598 giinstigem
