1780 2877
216 663 263 697 10

240 891 257 922 25

279 148 357 187 130

740 150 810 184 XV.
836 148 1155 182 EPAMINONDAS.
1188 152 1235 184 10.

229 272 246 302 3
284 277 359 316 gna
375 271 637 310 excesserunt,
653 277 767 315 quam
784 264 1040 315 repugnantis
1054 264 1324 315 profligarunt.
1345 265 1394 303 At
1408 264 1699 316 Epaminondas

281 333 369 360 cum
397 321 719 360 animadverteret
745 321 989 360 mortiferum
1018 333 1059 360 se
1093 320 1235 359 vulnus
1261 320 1457 371 accepisse
1490 322 1699 373 simulque,

282 378 313 417 si
342 378 507 422 serrum,
538 378 639 427 quod
670 390 716 416 ex
745 377 870 416 hastili
900 378 939 416 in
975 389 1140 428 corpore
1171 382 1430 423 remanserat
1458 378 1697 424 extraxisset,

282 434 448 472 animam
479 434 606 471 statim
642 434 894 480 emissuiQum
934 446 1059 484 usque
1089 445 1134 471 eo
1170 433 1353 479 retinuit
1391 434 1519 500 quoad
1549 447 1702 474 renun-

285 491 422 529 liatum
443 496 501 529 est
520 489 655 527 vicisse
678 489 871 528 Boeotios.
925 490 965 528 ld
989 495 1196 541 postquam
1226 463 1387 536 audivit,

281 542 392 585 ‘vixi2
429 546 594 584 invictus
615 546 719 584 enim
739 541 909 584 morior.²

283 603 475 642 animatus
494 607 563 640 est

1419 484 1548 528 ‘Satis'
1571 490 1702 542 inquit

966 547 1066 585 Tum
1088 548 1191 584 ferro
1214 551 1385 584 exuacto
1407 547 1613 586 confestim
1633 559 1703 586 ex-

398 659 471 697 Hic
491 669 654 696 uxorem
676 670 888 708 numquam
909 658 1029 696 duxit.
1070 658 1113 697 ln
1137 671 1213 708 quo
1231 670 1319 697 cum
1336 659 1704 709 reprehenderetur,

289 716 391 766 quod
414 715 557 753 liberos
579 726 658 752 non
681 714 939 764 relinqueret,
962 726 982 752 a
1004 714 1206 764 Pelopida,
1229 715 1295 765 qui
1315 715 1435 753 [ilium
1456 715 1622 754 habebat
1642 715 1705 753 in-

288 775 448 817 famem,
479 770 656 820 maleque
676 782 764 808 eum
785 770 825 808 in
847 782 893 808 eo
915 770 1061 821 patriae
1082 770 1288 808 consulere
1307 770 1465 817 diceret,
1482 767 1621 818 ‘Vide',
1642 771 1707 810 in-

289 828 372 878 quit
387 824 454 865 ‘ne
474 832 517 865 tu
538 826 648 889 peius
669 826 869 873 consulas,
901 826 968 877 qui
994 826 1109 864 talem
1131 838 1177 864 ex
1198 832 1235 864 te
1256 832 1391 865 natum
1411 827 1620 866 relicturus
1639 827 1705 867 sis.

291 884 424 934 Neque
453 895 544 921 vero
581 882 698 933 stirps
725 888 856 933 potest
883 882 978 920 mihi
1005 882 1152 921 deesse.
1201 882 1373 932 Namque
1409 895 1455 922 ex
1485 896 1546 922 me
1575 890 1706 922 natam

290 940 469 990 1elinqu0
498 951 671 990 pugnam
700 939 962 984 Leuctricam
993 950 1113 1006 quae
1121 951 1201 977 non
1230 939 1345 976 modo
1375 938 1470 977 mihi
1496 945 1707 990 superstes,

241 1003 258 1033 3
289 997 354 1035 sed
377 996 491 1035 etiam
522 995 750 1034 immortalis
771 995 821 1034 sit
849 1007 1010 1034 necesse
1030 989 1113 1033 est.³

1155 994 1241 1040 Quo
1270 1000 1447 1046 tempore
1477 995 1575 1034 duce
1596 995 1711 1034 Pelo-

292 1052 379 1104 pida
400 1052 532 1091 exules
552 1052 704 1091 Thebas
725 1057 971 1102 occuparunt
998 1057 1033 1090 et
1055 1051 1291 1102 praesidium
1312 1051 1710 1091 Lacedaemoniorum

293 1121 337 1147 ex
359 1121 447 1147 arce
467 1109 713 1160 expulerunt,
735 1108 1039 1160 Epaminondas,
1057 1107 1240 1158 quamdiu
1261 1108 1361 1146 facta
1382 1114 1440 1147 est
1459 1109 1596 1148 caedes
1616 1108 1713 1148 civi-

293 1177 371 1211 um,
397 1166 512 1204 domo
534 1178 575 1204 se
595 1165 742 1212 tenuit,
766 1165 870 1215 quod
892 1177 1020 1215 neque
1039 1164 1162 1203 malos
1182 1164 1392 1203 defendere
1410 1164 1562 1204 volebat
1582 1177 1711 1216 neque

295 1222 542 1273 impugnare,
580 1234 629 1260 ne
658 1233 796 1260 manus
832 1233 993 1260 suorum
1027 1221 1218 1271 sanguine
1252 1226 1488 1260 cruentaret..
1536 1221 1715 1272 Namque

294 1290 450 1316 omnem
480 1277 629 1316 civilem
664 1278 863 1316 victoriam
898 1278 1090 1316 funestam
1124 1277 1295 1328 putabat.
1346 1277 1464 1322 Idem,
1503 1284 1714 1329 postquam

296 1335 398 1386 apud
419 1335 622 1373 Cadmeam
643 1347 731 1373 cum
753 1334 1069 1373 Lacedaemoniis
1089 1333 1256 1384 pugnari
1276 1340 1459 1385 coeptum
1478 1339 1547 1377 est.
1570 1334 1610 1373 in
1632 1333 1715 1386 pri·

341 1455 396 1490 10.
420 1458 446 1489 Ι.
472 1455 548 1497 Vgl.
566 1466 607 1488 zu
625 1466 652 1489 c.
671 1458 701 1496 5,
720 1459 750 1490 5.
768 1459 799 1490 6.
832 1456 892 1489 Die
911 1456 972 1489 fol-

298 1501 404 1543 gende
425 1500 614 1543 Erzahlung
638 1501 695 1534 hat
721 1501 833 1544 Nepos
859 1502 971 1541 allein,

299 1546 385 1579 auch
411 1545 494 1578 wird
518 1556 585 1577 von
609 1546 771 1579 Niemand
796 1551 891 1579 sonst
916 1547 973 1579 be-

299 1591 431 1625 richtet
457 1590 533 1622 dass
552 1590 729 1633 Pelopidas
747 1592 843 1624 einen
869 1601 974 1629 ungre-

299 1627 462 1669 rathenen
487 1635 579 1668 Sohn
610 1637 734 1677 gehabt
766 1637 862 1670 habe.
912 1631 974 1669 Da-

302 1691 409 1723 gegen
435 1680 589 1713 erzahlen
615 1681 709 1714 Diod.
742 1681 812 1715 XV.
839 1685 880 1715 85
905 1682 973 1714 und

303 1726 376 1760 Val,
402 1725 488 1759 Max.
515 1725 564 1760 111.
591 1728 621 1765 2,
646 1730 712 1759 ext.
740 1730 777 1767 5,
811 1726 889 1759 dass
914 1727 973 1769 Ep.

301 1772 347 1804 im
384 1770 526 1803 Sterben
563 1752 621 1803 auf'
656 1771 708 1804 die
740 1753 844 1813 Kiage
881 1772 974 1804 eines

303 1815 557 1857 Anwesenden‚
590 1826 625 1848 er
649 1817 761 1849 sterbe
791 1816 975 1857 kinderlos,

305 1864 531 1903 geantwortet
567 1861 671 1901 habe,
706 1872 741 1894 er
776 1862 978 1894 hinterlasse

305 1906 388 1939 zwei
407 1905 564 1947 Tochter,
582 1906 634 1938 die
649 1905 748 1949 Siege
766 1907 821 1940 bei
838 1907 978 1940 Leuctra

304 1951 373 1984 und
395 1950 574 1984 Mantinea.

352 1997 405 2038 [In
429 2004 505 2038 quo‘
522 1995 648 2029 konnte
674 2006 714 2029 an
738 1997 806 2029 und
831 1997 884 2030 ffir
908 1997 980 2029 sich

308 2041 366 2074 auf
388 2041 635 2084 Epaminondas
660 2042 768 2083 gehen
793 2042 861 2075 und
886 2042 981 2084 quod

309 2088 434 2119 liberos
456 2097 528 2118 non
544 2086 758 2128 relinqueret
775 2087 915 2128 Suhjeet
939 2097 980 2119 zu

308 2131 623 2174 reprehenderetur
634 2132 723 2164 sein:
739 2132 805 2165 Cic.
820 2143 851 2174 p.
866 2132 980 2164 Plane.

312 2180 366 2218 36,
391 2178 444 2209 89.
470 2176 542 2209 Cas.
568 2176 599 2209 b.
625 2186 655 2218 g.
681 2176 703 2210 l.
730 2179 783 2217 20,
809 2182 838 2211 6.
879 2177 982 2215 Quin-

311 2223 360 2255 til.
386 2221 466 2254 VIII.
502 2223 532 2262 6,
565 2223 623 2259 40;
656 2222 735 2254 aber
765 2221 818 2254 die
843 2224 981 2264 person-

311 2267 396 2300 liche
405 2266 640 2299 Construction
652 2268 906 2308 reprehendere
918 2267 982 2298 ali-

311 2322 412 2354 quem
443 2313 483 2342 in
513 2311 634 2353 aliqua
664 2323 721 2343 re:
754 2312 820 2345 Cic.
846 2312 887 2344 ad
904 2312 980 2344 Att.

312 2357 364 2390 VI.
390 2359 421 2398 2,
443 2359 474 2390 3.
500 2355 586 2389 Part.
606 2367 652 2389 or.
671 2358 724 2398 37,
745 2359 818 2399 129,
836 2357 894 2390 hat
918 2357 983 2389 Ne-

315 2413 375 2445 pos
408 2401 493 2434 auch
525 2400 623 2434 Paus.
651 2404 679 2442 1,
705 2406 735 2444 3,
769 2412 823 2435 wo
856 2402 982 2435 ebenso

315 2450 351 2479 in
377 2457 414 2479 eo
441 2447 506 2479 wie
524 2446 595 2479 hier
611 2449 648 2478 in
666 2458 733 2488 quo
752 2447 810 2480 aus
825 2447 883 2480 das
901 2446 984 2479 Vor-

316 2491 526 2533 hergehende
551 2491 600 2524 als
632 2492 690 2524 das
708 2492 788 2525 Feld
814 2492 984 2533 hinweist‚

317 2536 374 2568 aus
390 2537 463 2569 dem
481 2537 551 2569 sich
569 2536 621 2569 ein
640 2537 857 2579 bestimmter,
881 2537 985 2569 durch

317 2582 380 2613 den
421 2581 601 2623 folgenden
636 2582 826 2615 Nebensatz
867 2591 986 2624 ausge-

1041 1455 1198 1488 driiekter
1222 1454 1327 1488 Tadel
1352 1455 1479 1489 erhebt.
1526 1454 1604 1497 Vgl.
1629 1455 1716 1488 auch

1041 1501 1093 1533 die
1111 1500 1377 1543 entsprechende
1395 1501 1630 1533 Construction
1649 1511 1717 1534 von

1042 1547 1217 1578 admirari
1241 1545 1313 1579 Alc.
1344 1548 1394 1587 11,
1420 1545 1466 1588 5.}

1085 1591 1244 1632 maleque
1267 1610 1311 1615 —-
1336 1591 1480 1631 dic-eree,
1504 1589 1720 1624 n5m1.Pelo-

1040 1637 1154 1679 pidas.
1202 1635 1387 1668 Aehnliche
1411 1635 1516 1676 Fano,
1547 1636 1581 1668 in
1607 1635 1717 1668 denen

1043 1682 1156 1724 Nepos
1181 1681 1270 1713 beim
1296 1680 1453 1713 Wechsel
1478 1680 1537 1713 des
1558 1680 1717 1721 Subjects

1044 1725 1199 1759 dasselbe
1234 1726 1269 1758 in
1299 1725 1579 1759 tadelnswerther
1603 1725 1722 1758 Weise

1045 1770 1263 1809 ausgelassen
1287 1771 1356 1812 hat,
1382 1781 1422 1804 zu
1447 1770 1564 1803 Them.
1591 1773 1622 1812 6,
1647 1773 1680 1805 4.

1089 1816 1214 1856 [Ueber
1237 1827 1282 1848 ex
1307 1819 1339 1848 te
1355 1819 1479 1848 natum
1503 1816 1572 1849 und
1589 1816 1610 1859 ξ
1629 1817 1648 1849 2
1673 1825 1723 1847 ex

1046 1872 1100 1893 me
1124 1865 1245 1893 natam
1270 1871 1310 1894 zu
1334 1860 1407 1894 Dat.
1433 1863 1464 1902 5,
1495 1862 1539 1901 6.]

1094 1908 1124 1939 3.
1160 1907 1249 1938 duce
1282 1906 1458 1949 Pelopida.
1507 1905 1540 1939 S.

1048 1953 1078 1993 2,
1105 1954 1134 1985 5.

1094 1997 1197 2028 domo
1225 2006 1261 2027 se
1291 1997 1414 2027 tenuit.
1460 1994 1724 2027 Gewohnlicher

1048 2041 1144 2074 Dion.
1177 2043 1208 2081 9,
1246 2043 1258 2073 l
1291 2051 1326 2071 se
1356 2040 1452 2072 domi
1481 2042 1625 2072 teneret.
1672 2039 1724 2072 Da

1049 2087 1128 2118 aber
1161 2097 1198 2117 se
1232 2088 1350 2117 tenere
1385 2095 1469 2127 ganz
1506 2084 1722 2127 gewohnlich

1049 2131 1110 2163 mit
1134 2130 1209 2162 dem
1234 2130 1370 2162 Ablativ
1402 2129 1597 2162 verbunden
1627 2129 1723 2171 wird,

1049 2186 1086 2209 so
1111 2175 1239 2208 konnte
1267 2175 1393 2208 ebenso
1425 2178 1485 2217 gut
1513 2175 1547 2207 in
1580 2174 1656 2207 dem
1680 2185 1723 2207 zu

1050 2221 1125 2264 Lys.
1147 2224 1177 2261 3,
1196 2223 1213 2253 5
1233 2219 1474 2271 angegebenen
1498 2219 1601 2252 Sinne
1618 2220 1725 2252 domo

1050 2269 1182 2308 gesetzt
1206 2265 1352 2306 werden
1377 2265 1443 2298 wie
1467 2263 1552 2298 auch
1577 2264 1631 2297 bei
1653 2265 1722 2298 Cic.

1051 2321 1079 2344 c.
1104 2320 1174 2344 sen.
1200 2320 1248 2353 gr.
1267 2320 1319 2353 eg.
1344 2291 1398 2351 ’11,
1423 2311 1466 2343 29
1491 2309 1592 2342 domo
1616 2320 1652 2341 se
1676 2313 1726 2341 te-

1049 2359 1151 2388 neret
1172 2355 1240 2388 und
1264 2355 1305 2388 de
1330 2355 1418 2389 dom.
1445 2357 1476 2396 3,
1500 2357 1520 2388 6
1546 2355 1648 2387 domo
1669 2365 1727 2386 me

1051 2403 1149 2433 tenui
1173 2401 1274 2433 steht.

1097 2447 1268 2488 [pugnari
1299 2447 1459 2487 coeptum
1489 2447 1539 2476 est
1559 2444 1645 2477 habe
1669 2444 1725 2477 ich

1052 2494 1138 2524 trotz
1153 2490 1363 2533 Nipperdeys
1377 2488 1642 2532 Vertheidigung
1656 2499 1725 2522 von

1050 2546 1174 2578 pugna
1207 2537 1321 2577 coepit
1350 2533 1438 2577 Spic.
1467 2533 1503 2567 11.
1539 2538 1570 2575 3,
1607 2536 1657 2568 13.
1690 2534 1726 2566 in

1053 2581 1117 2613 den
1142 2580 1227 2614 Text
1251 2579 1519 2623 ausgenommen.
1568 2578 1611 2613 Es
1635 2579 1728 2612 steht

1575 1915 1615 1938 zu
1648 1904 1723 1939 Pel.
