<?xml version="1.0" encoding="UTF-8"?>
<!DOCTYPE html PUBLIC "-//W3C//DTD XHTML 1.0 Transitional//EN"
    "http://www.w3.org/TR/xhtml1/DTD/xhtml1-transitional.dtd">
<html xmlns="http://www.w3.org/1999/xhtml" xml:lang="en" lang="en">
 <head>
  <title>
</title>
<meta http-equiv="Content-Type" content="text/html;charset=utf-8" />
  <meta name='ocr-system' content='tesseract 3.04.00' />
  <meta name='ocr-capabilities' content='ocr_page ocr_carea ocr_par ocr_line ocrx_word'/>
</head>
<body>
  <div class='ocr_page' id='page_1' title='image "./corneliusne2ed00nepouoft_0301.png"; bbox 0 0 1780 2877; ppageno 0'>
   <div class='ocr_carea' id='block_1_1' title="bbox 751 91 1602 132">
    <p class='ocr_par' dir='ltr' id='par_1_1' title="bbox 751 91 1602 132">
     <span class='ocr_line' id='line_1_1' title="bbox 751 91 1602 132; baseline 0.009 -8"><span class='ocrx_word' id='word_1_1' title='bbox 751 91 922 126; x_wconf 88' lang='lat' dir='ltr'>EXCURS</span> <span class='ocrx_word' id='word_1_2' title='bbox 951 92 1016 128; x_wconf 87' lang='lat' dir='ltr'><strong>Vll.</strong></span> <span class='ocrx_word' id='word_1_3' title='bbox 1523 93 1602 132; x_wconf 83' lang='lat'><strong>255</strong></span> 
     </span>
    </p>
   </div>
   <div class='ocr_carea' id='block_1_2' title="bbox 156 204 1604 660">
    <p class='ocr_par' dir='ltr' id='par_1_2' title="bbox 156 204 1604 660">
     <span class='ocr_line' id='line_1_2' title="bbox 166 204 1602 250; baseline 0.002 -12"><span class='ocrx_word' id='word_1_4' title='bbox 166 205 281 247; x_wconf 79' lang='lat' dir='ltr'>sugam</span> <span class='ocrx_word' id='word_1_5' title='bbox 298 204 399 237; x_wconf 78' lang='lat' dir='ltr'>tradit</span> <span class='ocrx_word' id='word_1_6' title='bbox 415 204 540 246; x_wconf 71' lang='lat' dir='ltr'>Livius,</span> <span class='ocrx_word' id='word_1_7' title='bbox 566 205 658 239; x_wconf 85' lang='lat' dir='ltr'>nulla</span> <span class='ocrx_word' id='word_1_8' title='bbox 676 206 806 239; x_wconf 78' lang='lat' dir='ltr'><strong>ratione</strong></span> <span class='ocrx_word' id='word_1_9' title='bbox 831 206 957 239; x_wconf 84' lang='lat' dir='ltr'><strong>habita.</strong></span> <span class='ocrx_word' id='word_1_10' title='bbox 999 206 1116 248; x_wconf 86' lang='lat' dir='ltr'><strong>Neque</strong></span> <span class='ocrx_word' id='word_1_11' title='bbox 1143 217 1211 249; x_wconf 90' lang='lat' dir='ltr'><strong>quo</strong></span> <span class='ocrx_word' id='word_1_12' title='bbox 1237 207 1348 240; x_wconf 86' lang='lat' dir='ltr'>minus</span> <span class='ocrx_word' id='word_1_13' title='bbox 1374 208 1419 240; x_wconf 80' lang='lat' dir='ltr'><strong>ita</strong></span> <span class='ocrx_word' id='word_1_14' title='bbox 1447 212 1602 250; x_wconf 78' lang='lat' dir='ltr'>statuam,</span> 
     </span>
     <span class='ocr_line' id='line_1_3' title="bbox 165 249 1603 296; baseline 0.003 -14"><span class='ocrx_word' id='word_1_15' title='bbox 165 249 377 283; x_wconf 79' lang='lat' dir='ltr'><strong>Fleckeiseni</strong></span> <span class='ocrx_word' id='word_1_16' title='bbox 402 250 563 283; x_wconf 86' lang='lat' dir='ltr'><strong>iudicium</strong></span> <span class='ocrx_word' id='word_1_17' title='bbox 588 261 642 284; x_wconf 91' lang='lat' dir='ltr'><strong>me</strong></span> <span class='ocrx_word' id='word_1_18' title='bbox 667 251 832 293; x_wconf 79' lang='lat' dir='ltr'><strong>deterret,</strong></span> <span class='ocrx_word' id='word_1_19' title='bbox 863 252 917 284; x_wconf 88' lang='lat' dir='ltr'><strong>cui</strong></span> <span class='ocrx_word' id='word_1_20' title='bbox 948 251 982 284; x_wconf 83' lang='lat' dir='ltr'><strong>in</strong></span> <span class='ocrx_word' id='word_1_21' title='bbox 1008 250 1131 285; x_wconf 84' lang='lat' dir='ltr'>Philol.</span> <span class='ocrx_word' id='word_1_22' title='bbox 1156 251 1209 284; x_wconf 87' lang='lat' dir='ltr'><strong>lV.</strong></span> <span class='ocrx_word' id='word_1_23' title='bbox 1238 254 1302 285; x_wconf 75' lang='lat'><strong>324</strong></span> <span class='ocrx_word' id='word_1_24' title='bbox 1328 253 1446 286; x_wconf 81' lang='lat' dir='ltr'><strong>eiectis</strong></span> <span class='ocrx_word' id='word_1_25' title='bbox 1472 259 1603 296; x_wconf 80' lang='lat' dir='ltr'><strong>praeter</strong></span> 
     </span>
     <span class='ocr_line' id='line_1_4' title="bbox 158 296 1602 340; baseline 0.003 -13"><span class='ocrx_word' id='word_1_26' title='bbox 158 298 372 338; x_wconf 76' lang='lat' dir='ltr'><em>praeturam</em></span> <span class='ocrx_word' id='word_1_27' title='bbox 399 296 500 329; x_wconf 80' lang='lat' dir='ltr'><strong>etiam</strong></span> <span class='ocrx_word' id='word_1_28' title='bbox 525 296 593 329; x_wconf 87' lang='lat' dir='ltr'>illis</span> <span class='ocrx_word' id='word_1_29' title='bbox 619 307 713 329; x_wconf 81' lang='lat' dir='ltr'><strong>anno</strong></span> <span class='ocrx_word' id='word_1_30' title='bbox 736 300 817 339; x_wconf 78' lang='lat' dir='ltr'><strong>post</strong></span> <span class='ocrx_word' id='word_1_31' title='bbox 840 297 971 340; x_wconf 81' lang='lat' dir='ltr'><strong>reliqua</strong></span> <span class='ocrx_word' id='word_1_32' title='bbox 997 296 1096 329; x_wconf 87' lang='lat' dir='ltr'>nimis</span> <span class='ocrx_word' id='word_1_33' title='bbox 1121 296 1210 329; x_wconf 85' lang='lat' dir='ltr'><strong>nude</strong></span> <span class='ocrx_word' id='word_1_34' title='bbox 1235 296 1372 340; x_wconf 85' lang='lat' dir='ltr'>adiungi</span> <span class='ocrx_word' id='word_1_35' title='bbox 1399 302 1433 330; x_wconf 72' lang='lat' dir='ltr'><strong>et</strong></span> <span class='ocrx_word' id='word_1_36' title='bbox 1449 298 1531 331; x_wconf 86' lang='lat' dir='ltr'><strong>haec</strong></span> <span class='ocrx_word' id='word_1_37' title='bbox 1550 310 1602 332; x_wconf 85' lang='lat' dir='ltr'><strong>res</strong></span> 
     </span>
     <span class='ocr_line' id='line_1_5' title="bbox 164 340 1603 384; baseline 0.002 -10"><span class='ocrx_word' id='word_1_38' title='bbox 164 341 251 374; x_wconf 81' lang='lat' dir='ltr'><strong>tanti</strong></span> <span class='ocrx_word' id='word_1_39' title='bbox 274 340 418 383; x_wconf 68' lang='lat' dir='ltr'><strong>videtur,</strong></span> <span class='ocrx_word' id='word_1_40' title='bbox 443 345 481 374; x_wconf 83' lang='lat' dir='ltr'><strong>ut</strong></span> <span class='ocrx_word' id='word_1_41' title='bbox 498 341 623 384; x_wconf 84' lang='lat' dir='ltr'>Nepoti</span> <span class='ocrx_word' id='word_1_42' title='bbox 648 352 794 375; x_wconf 86' lang='lat' dir='ltr'><strong>errorem</strong></span> <span class='ocrx_word' id='word_1_43' title='bbox 821 342 968 374; x_wconf 81' lang='lat' dir='ltr'><strong>tribuere</strong></span> <span class='ocrx_word' id='word_1_44' title='bbox 992 341 1097 374; x_wconf 86' lang='lat' dir='ltr'>malit.</span> <span class='ocrx_word' id='word_1_45' title='bbox 1139 341 1265 375; x_wconf 80' lang='lat' dir='ltr'><strong>Verum</strong></span> <span class='ocrx_word' id='word_1_46' title='bbox 1283 342 1366 375; x_wconf 79' lang='lat' dir='ltr'><strong>haec</strong></span> <span class='ocrx_word' id='word_1_47' title='bbox 1384 343 1495 376; x_wconf 85' lang='lat' dir='ltr'>omnia</span> <span class='ocrx_word' id='word_1_48' title='bbox 1515 344 1603 377; x_wconf 85' lang='lat' dir='ltr'><strong>eius-</strong></span> 
     </span>
     <span class='ocr_line' id='line_1_6' title="bbox 164 385 1604 430; baseline 0.001 -10"><span class='ocrx_word' id='word_1_49' title='bbox 164 385 257 420; x_wconf 89' lang='lat' dir='ltr'>modi</span> <span class='ocrx_word' id='word_1_50' title='bbox 281 391 378 428; x_wconf 82' lang='lat' dir='ltr'>sunt,</span> <span class='ocrx_word' id='word_1_51' title='bbox 403 392 441 420; x_wconf 82' lang='lat' dir='ltr'><strong>ut</strong></span> <span class='ocrx_word' id='word_1_52' title='bbox 466 392 566 420; x_wconf 80' lang='lat' dir='ltr'>cauto</span> <span class='ocrx_word' id='word_1_53' title='bbox 592 397 631 420; x_wconf 86' lang='lat' dir='ltr'><strong>ae</strong></span> <span class='ocrx_word' id='word_1_54' title='bbox 655 387 770 420; x_wconf 81' lang='lat' dir='ltr'>sobrio</span> <span class='ocrx_word' id='word_1_55' title='bbox 796 387 933 429; x_wconf 74' lang='lat' dir='ltr'>critico,</span> <span class='ocrx_word' id='word_1_56' title='bbox 959 387 1092 420; x_wconf 82' lang='lat' dir='ltr'><strong>etiamsi</strong></span> <span class='ocrx_word' id='word_1_57' title='bbox 1118 392 1186 420; x_wconf 83' lang='lat' dir='ltr'><strong>tam</strong></span> <span class='ocrx_word' id='word_1_58' title='bbox 1211 388 1360 430; x_wconf 79' lang='lat' dir='ltr'><strong>graviter</strong></span> <span class='ocrx_word' id='word_1_59' title='bbox 1384 398 1513 422; x_wconf 82' lang='lat' dir='ltr'><strong>errasse</strong></span> <span class='ocrx_word' id='word_1_60' title='bbox 1538 389 1604 422; x_wconf 91' lang='lat' dir='ltr'><strong>Ne—</strong></span> 
     </span>
     <span class='ocr_line' id='line_1_7' title="bbox 162 432 1602 475; baseline 0.001 -10"><span class='ocrx_word' id='word_1_61' title='bbox 162 436 280 475; x_wconf 81' lang='lat' dir='ltr'>potem</span> <span class='ocrx_word' id='word_1_62' title='bbox 304 443 372 466; x_wconf 88' lang='lat' dir='ltr'><strong>non</strong></span> <span class='ocrx_word' id='word_1_63' title='bbox 398 432 523 474; x_wconf 83' lang='lat' dir='ltr'><strong>credat,</strong></span> <span class='ocrx_word' id='word_1_64' title='bbox 549 437 662 466; x_wconf 83' lang='lat' dir='ltr'><strong>tamen</strong></span> <span class='ocrx_word' id='word_1_65' title='bbox 686 437 817 465; x_wconf 78' lang='lat' dir='ltr'><strong>mutare</strong></span> <span class='ocrx_word' id='word_1_66' title='bbox 836 433 1018 475; x_wconf 82' lang='lat' dir='ltr'>quicquam</span> <span class='ocrx_word' id='word_1_67' title='bbox 1036 433 1195 466; x_wconf 84' lang='lat' dir='ltr'>hocloco</span> <span class='ocrx_word' id='word_1_68' title='bbox 1216 444 1282 466; x_wconf 87' lang='lat' dir='ltr'><strong>non</strong></span> <span class='ocrx_word' id='word_1_69' title='bbox 1299 433 1412 466; x_wconf 76' lang='lat' dir='ltr'><strong>liceat.</strong></span> <span class='ocrx_word' id='word_1_70' title='bbox 1452 434 1497 466; x_wconf 78' lang='lat' dir='ltr'><strong>At</strong></span> <span class='ocrx_word' id='word_1_71' title='bbox 1514 434 1602 467; x_wconf 88' lang='lat' dir='ltr'><strong>idem</strong></span> 
     </span>
     <span class='ocr_line' id='line_1_8' title="bbox 162 477 1602 522; baseline 0.001 -12"><span class='ocrx_word' id='word_1_72' title='bbox 162 487 252 511; x_wconf 84' lang='lat' dir='ltr'>nunc</span> <span class='ocrx_word' id='word_1_73' title='bbox 277 477 377 511; x_wconf 80' lang='lat' dir='ltr'><strong>facile</strong></span> <span class='ocrx_word' id='word_1_74' title='bbox 403 477 562 519; x_wconf 83' lang='lat' dir='ltr'>adducor,</span> <span class='ocrx_word' id='word_1_75' title='bbox 586 483 634 517; x_wconf 83' lang='lat' dir='ltr'><strong>ut,</strong></span> <span class='ocrx_word' id='word_1_76' title='bbox 661 477 751 521; x_wconf 92' lang='lat' dir='ltr'>quod</span> <span class='ocrx_word' id='word_1_77' title='bbox 772 477 881 510; x_wconf 83' lang='lat' dir='ltr'><strong>adhuc</strong></span> <span class='ocrx_word' id='word_1_78' title='bbox 900 488 966 511; x_wconf 89' lang='lat' dir='ltr'><strong>non</strong></span> <span class='ocrx_word' id='word_1_79' title='bbox 985 478 1062 519; x_wconf 82' lang='lat' dir='ltr'><strong>feci,</strong></span> <span class='ocrx_word' id='word_1_80' title='bbox 1089 479 1152 511; x_wconf 78' lang='lat' dir='ltr'><strong>etsi</strong></span> <span class='ocrx_word' id='word_1_81' title='bbox 1170 489 1239 511; x_wconf 81' lang='lat' dir='ltr'><strong>rem</strong></span> <span class='ocrx_word' id='word_1_82' title='bbox 1258 479 1300 511; x_wconf 87' lang='lat' dir='ltr'><strong>ab</strong></span> <span class='ocrx_word' id='word_1_83' title='bbox 1318 478 1393 512; x_wconf 84' lang='lat' dir='ltr'>aliis</span> <span class='ocrx_word' id='word_1_84' title='bbox 1410 480 1602 522; x_wconf 82' lang='lat' dir='ltr'>neglectam</span> 
     </span>
     <span class='ocr_line' id='line_1_9' title="bbox 163 522 1602 568; baseline 0.002 -13"><span class='ocrx_word' id='word_1_85' title='bbox 163 522 290 556; x_wconf 89' lang='lat' dir='ltr'>dudum</span> <span class='ocrx_word' id='word_1_86' title='bbox 315 528 530 564; x_wconf 82' lang='lat' dir='ltr'><strong>notaveram,</strong></span> <span class='ocrx_word' id='word_1_87' title='bbox 559 523 656 556; x_wconf 79' lang='lat' dir='ltr'>initio</span> <span class='ocrx_word' id='word_1_88' title='bbox 683 534 710 555; x_wconf 89' lang='lat' dir='ltr'><strong>c.</strong></span> <span class='ocrx_word' id='word_1_89' title='bbox 738 524 757 556; x_wconf 82' lang='lat'>8</span> <span class='ocrx_word' id='word_1_90' title='bbox 783 523 952 566; x_wconf 86' lang='lat' dir='ltr'>Nepotem</span> <span class='ocrx_word' id='word_1_91' title='bbox 978 524 1155 567; x_wconf 77' lang='lat' dir='ltr'><strong>scripsisse</strong></span> <span class='ocrx_word' id='word_1_92' title='bbox 1181 524 1314 558; x_wconf 82' lang='lat' dir='ltr'><strong>credam</strong></span> <span class='ocrx_word' id='word_1_93' title='bbox 1340 535 1436 557; x_wconf 79' lang='lat' dir='ltr'><strong>anno</strong></span> <span class='ocrx_word' id='word_1_94' title='bbox 1462 528 1602 568; x_wconf 79' lang='lat' dir='ltr'><strong>quarto,</strong></span> 
     </span>
     <span class='ocr_line' id='line_1_10' title="bbox 156 568 1602 613; baseline 0.002 -12"><span class='ocrx_word' id='word_1_95' title='bbox 156 572 350 611; x_wconf 77' lang='lat' dir='ltr'><strong>postquam</strong></span> <span class='ocrx_word' id='word_1_96' title='bbox 375 569 478 601; x_wconf 87' lang='lat' dir='ltr'><strong>domo</strong></span> <span class='ocrx_word' id='word_1_97' title='bbox 497 568 735 610; x_wconf 71' lang='lat' dir='ltr'><strong>profugerat,</strong></span> <span class='ocrx_word' id='word_1_98' title='bbox 759 568 799 601; x_wconf 96' lang='lat' dir='ltr'><strong>L.</strong></span> <span class='ocrx_word' id='word_1_99' title='bbox 828 569 993 602; x_wconf 73' lang='lat' dir='ltr'><strong>Cornelio</strong></span> <span class='ocrx_word' id='word_1_100' title='bbox 1021 570 1058 610; x_wconf 82' lang='lat' dir='ltr'><strong>Q.</strong></span> <span class='ocrx_word' id='word_1_101' title='bbox 1084 570 1243 602; x_wconf 74' lang='lat' dir='ltr'><strong>Milzucio</strong></span> <span class='ocrx_word' id='word_1_102' title='bbox 1270 570 1489 613; x_wconf 74' lang='lat' dir='ltr'><strong>consulibus,</strong></span> <span class='ocrx_word' id='word_1_103' title='bbox 1515 581 1602 611; x_wconf 82' lang='lat' dir='ltr'>cum,</span> 
     </span>
     <span class='ocr_line' id='line_1_11' title="bbox 164 613 1601 660; baseline 0.001 -13"><span class='ocrx_word' id='word_1_104' title='bbox 164 614 256 657; x_wconf 89' lang='lat' dir='ltr'>quod</span> <span class='ocrx_word' id='word_1_105' title='bbox 280 615 314 647; x_wconf 83' lang='lat' dir='ltr'><strong>in</strong></span> <span class='ocrx_word' id='word_1_106' title='bbox 340 613 514 648; x_wconf 82' lang='lat' dir='ltr'>codicibus</span> <span class='ocrx_word' id='word_1_107' title='bbox 540 613 675 656; x_wconf 80' lang='lat' dir='ltr'><strong>legitur,</strong></span> <span class='ocrx_word' id='word_1_108' title='bbox 701 625 796 646; x_wconf 80' lang='lat' dir='ltr'><strong>anno</strong></span> <span class='ocrx_word' id='word_1_109' title='bbox 823 617 942 657; x_wconf 72' lang='lat' dir='ltr'><strong>tertio,</strong></span> <span class='ocrx_word' id='word_1_110' title='bbox 967 614 1139 648; x_wconf 77' lang='lat' dir='ltr'>Romanae</span> <span class='ocrx_word' id='word_1_111' title='bbox 1165 616 1404 649; x_wconf 79' lang='lat' dir='ltr'><strong>consuetudini</strong></span> <span class='ocrx_word' id='word_1_112' title='bbox 1425 621 1601 660; x_wconf 87' lang='lat' dir='ltr'><strong>repugnet.</strong></span> 
     </span>
    </p>
   </div>
  </div>
 </body>
</html>
