1780 2877
601 102 704 137 XXV.
729 102 926 137 ATTICUS.
957 105 1007 137 17.
1038 105 1087 138 15.
1492 100 1570 140 2⁴27

133 221 263 259 sutura
294 219 506 270 praedixit,
541 220 606 258 sed
646 220 783 267 etiam,
822 232 921 269 quae
957 231 1065 258 nunc
1100 231 1175 257 usu
1210 218 1392 266 veniunt,
1421 213 1575 258 ‘cecinit

132 282 175 316 ut
195 280 314 314 vates.

247 332 303 371 De
324 332 469 384 pietate
490 340 622 372 autem
638 332 756 371 Attici
777 332 870 382 quid
892 331 1006 382 plura
1027 330 1367 369 commemorem?
1389 344 1480 370 cum
1498 333 1573 372 hoc
1599 337 1642 372 17

131 390 262 442 ipsum
283 402 373 428 vere
396 389 631 441 gloriantem
647 387 838 427 audierim
860 387 900 426 in
923 388 1064 426 funere
1085 388 1221 427 matris
1239 400 1343 436 suae,
1368 400 1484 438 quam
1507 401 1573 427 ex-

131 446 221 486 tulit
252 458 449 485 annorum
478 459 546 493 xc,
577 445 692 483 annis
714 457 764 482 vu
798 450 835 482 et
863 457 912 482 Lx
942 457 982 483 se
1012 457 1231 495 numquam
1262 457 1353 484 cum
1379 450 1501 484 matre
1533 445 1572 484 in

131 503 296 556 gratiam
318 503 484 550 redisse,
507 513 724 552 numquam
746 513 836 540 cum
859 513 996 540 sorore
1018 501 1138 540 fuisse
1160 502 1200 541 in
1223 501 1433 550 simultate,
1457 514 1573 553 quam

130 572 258 612 prope
281 559 483 610 aequalem
504 558 686 597 hahebat.
729 557 844 604 Quod
867 563 926 597 est
952 558 1109 609 signum
1131 564 1198 598 aut
1220 559 1367 598 nullam
1388 571 1575 610 umquam
1606 567 1625 598 2

132 617 237 656 inter
258 629 324 655 eos
346 615 634 666 querimoniam
665 615 935 654 intercessisse
956 620 1022 654 aut
1052 616 1160 655 hunc
1190 629 1234 655 ea
1264 616 1383 656 fuisse
1412 616 1452 654 in
1482 629 1575 655 suos

132 672 397 724 indulgentia,
429 678 491 720 ut,
525 685 625 723 quos
655 685 785 710 amare
818 672 1000 721 deberet,
1031 672 1144 712 irasci
1175 673 1230 713 eis
1261 674 1370 712 nefas
1400 673 1572 712 duceret.

133 730 269 780 Neque
293 728 331 767 id
353 729 445 767 fecit
467 734 608 768 natura
630 729 780 776 solum,
804 742 1042 780 quamquam
1065 743 1203 769 omnes
1224 730 1260 769 ei
1280 743 1486 782 paremus,
1508 731 1575 769 sed
1607 737 1627 769 3

132 786 247 825 etiam
270 786 462 824 doctrina.
504 786 602 824 Nam
623 786 851 837 principum
871 786 1203 838 philosophorum
1225 787 1277 826 ita
1298 794 1485 839 percepta
1506 787 1574 826 ha-

129 843 216 882 buit
237 848 468 894 praecepta,
503 848 546 882 ut
566 843 626 882 his
647 843 693 882 ad
716 843 833 881 vitam
854 844 1063 894 agendam,
1094 857 1177 883 non
1199 845 1245 883 ad
1267 844 1573 884 ostentationem

131 905 322 939 uteretur.

246 956 367 995 Moris
397 956 514 994 etiam
545 955 740 995 maiorum
775 969 952 995 summus
993 957 1166 996 imitator
1201 958 1274 997 fuit
1309 957 1574 1009 antiquitatis·
1598 962 1646 998 18

132 1026 208 1065 que
230 1018 402 1061 amator;
434 1025 551 1063 quam
579 1012 676 1051 adeo
698 1013 907 1064 diligenter
928 1014 1064 1052 habuit
1093 1014 1312 1065 cognitam,
1344 1020 1386 1053 ut
1407 1027 1490 1053 eam
1513 1020 1574 1053 to-

131 1077 211 1109 tam
232 1070 272 1108 in
295 1082 341 1108 eo
364 1069 563 1107 volumine
586 1070 823 1121 exposuerit,
847 1083 924 1121 quo
947 1070 1197 1122 magistratus
1220 1071 1425 1110 ordinavit.
1462 1071 1576 1110 Nulla
1608 1080 1627 1111 2

131 1126 237 1166 enim
258 1126 320 1165 lex
343 1139 472 1177 neque
501 1139 577 1177 pax
599 1139 729 1178 neque
760 1127 906 1166 bellum
929 1140 1060 1179 neque
1082 1140 1144 1167 res
1173 1127 1335 1168 illustris
1358 1134 1416 1168 est
1438 1128 1575 1180 populi

130 1183 319 1231 Romani,
352 1196 450 1234 quae
473 1196 554 1222 non
578 1183 617 1221 in
641 1197 686 1222 eo
709 1197 781 1223 suo
804 1190 982 1235 tempore
1005 1185 1054 1224 sit
1077 1190 1222 1234 notata,
1254 1191 1311 1234 et,
1344 1186 1449 1236 quod
1471 1185 1574 1224 diffi-

129 1240 319 1279 cillimum
341 1240 434 1288 fuit,
457 1240 512 1279 sic
534 1240 770 1280 familiarum
792 1241 987 1292 originem
1008 1241 1222 1291 subtexuit,
1245 1248 1288 1281 ut
1309 1255 1355 1281 ex
1378 1255 1424 1281 eo
1448 1242 1574 1281 claro-

129 1310 218 1336 rum
241 1297 417 1336 virorum
447 1297 687 1348 propagines
716 1298 914 1350 possimus
936 1311 1190 1350 cognoscere.
1232 1299 1340 1338 Fecit
1371 1300 1445 1338 hoc
1473 1299 1576 1338 idem
1606 1307 1625 1338 3

129 1353 339 1405 separatim
366 1353 406 1392 in
438 1354 522 1392 aliis
551 1354 682 1403 libris,
716 1361 758 1394 ut
788 1355 837 1394 M.
860 1355 973 1394 Bruti
1002 1361 1141 1407 rogatu
1162 1356 1316 1395 Iuniam
1347 1356 1535 1395 familiam
1556 1369 1577 1395 a

128 1411 251 1462 stirpe
274 1411 320 1450 ad
350 1410 452 1449 hanc
474 1416 641 1450 aetatem
664 1412 803 1451 ordine
834 1413 1123 1452 enumeraverit
1151 1419 1313 1461 notans,
1347 1413 1413 1464 qui
1434 1426 1455 1452 a
1478 1426 1576 1464 quo-

178 1513 315 1544 cecinit.
341 1510 389 1543 Da
406 1510 460 1544 die
476 1510 749 1555 Weissagungen
768 1524 820 1545 ur·
936 1515 1170 1555 magistratus
1184 1514 1379 1548 ordinavit.
1403 1515 1448 1547 Es
1464 1525 1577 1548 waren

131 1556 331 1600 sprunglich
356 1567 423 1589 von
443 1557 508 1590 den
527 1556 657 1591 Sehern
685 1558 719 1591 in
739 1557 820 1591 Ver-

131 1612 192 1635 sen
227 1601 419 1634 verkundet
453 1602 614 1645 wurden,
652 1614 690 1637 so
728 1604 820 1637 steht

131 1648 226 1681 nicht
264 1658 326 1680 nur
363 1646 417 1679 bei
455 1647 633 1690 Dichtern,
672 1649 820 1682 sondern

130 1693 217 1727 auch
258 1693 291 1725 in
337 1692 395 1725 der
428 1692 534 1726 Prosa
575 1694 668 1727 nicht
709 1695 819 1727 selten

131 1750 259 1772 canere
278 1738 330 1770 fiir
344 1739 560 1780 praedicare
573 1750 606 1772 u.
620 1740 725 1781 dergl.
751 1740 818 1773 Cic.

133 1785 204 1818 Cat.
222 1784 272 1817 111.
292 1786 323 1825 8,
346 1786 402 1822 18;
430 1784 619 1818 hesonders
636 1786 671 1818 in
680 1785 822 1818 Verbin-

133 1830 226 1872 dung
245 1829 306 1862 mit
323 1832 431 1870 vates,
452 1830 522 1863 Liv.
542 1830 564 1864 Ι.
580 1833 634 1873 45,
649 1834 667 1865 5
688 1843 719 1864 u.
736 1842 761 1864 s.
778 1842 819 1865 w.

177 1875 232 1909 17.
256 1878 281 1909 l.
301 1875 434 1906 eal-tulit
452 1886 480 1908 a.
497 1887 528 1908 u.
545 1878 621 1915 712,
637 1888 667 1911 V.
681 1877 818 1911 Cin-‚42

179 1931 358 1953 annorum
382 1920 450 1954 XC.
478 1920 512 1954 S.
531 1932 573 1954 zu
591 1922 655 1964 Ag.
674 1924 704 1964 8,
723 1924 754 1956 2.

178 1968 282 1999 annis
301 1966 373 1999 VJ!
395 1969 428 1998 et
452 1966 518 1999 LX
540 1966 571 2000 d.
588 1967 621 2001 h.
637 1968 672 2000 in
690 1968 818 2001 seinem

131 2023 262 2055 ganzen
288 2012 412 2046 Leben.

177 2061 207 2092 3.
245 2061 417 2100 percepta
460 2059 586 2090 habuit
621 2062 817 2101 praecepta

132 2104 216 2146 (vgl.
236 2114 263 2136 c.
287 2106 337 2144 11,
354 2106 388 2144 5)
407 2103 475 2136 und
493 2104 617 2136 habuit
634 2106 817 2146 cognitam

132 2159 159 2184 s.
177 2159 218 2181 zu
236 2148 310 2181 Dat.
331 2152 361 2189 5,
380 2151 411 2182 6.

176 2194 236 2229 18.
258 2196 285 2227 1.
312 2197 350 2225 in
376 2205 414 2226 eo
441 2194 631 2227 volumine.
655 2194 721 2228 Das
746 2195 818 2228 hier

131 2239 377 2273 beschriebene
395 2238 490 2272 Buch
515 2240 560 2273 ist
586 2240 643 2272 der
667 2252 734 2273 von
753 2240 818 2274 Ne-

131 2296 195 2328 pos
215 2285 323 2319 Hann.
346 2287 396 2326 13,
420 2287 432 2317 l
462 2285 523 2318 mit
541 2286 669 2318 seinem
689 2286 818 2328 eigent-

131 2331 243 2364 lichen
262 2330 353 2363 Titel
371 2330 573 2373 angesfihrte
595 2332 746 2365 annalis.
773 2331 815 2364 Er

131 2377 177 2410 ist
193 2388 222 2410 a.
238 2388 268 2410 u.
287 2378 364 2417 707,
382 2387 413 2408 v.
429 2376 504 2409 Chr.
519 2379 559 2410 47
579 2377 641 2409 mit
655 2376 712 2410 der
724 2377 816 2410 Wid-

131 2433 237 2465 mung
254 2432 296 2455 an
312 2422 429 2454 Cicero
443 2422 815 2465 herausgegebenfflie.

132 2467 227 2502 Brut.
245 2470 275 2502 3.
295 2472 328 2508 4)
354 2467 422 2500 und
447 2468 612 2501 umfasste
639 2467 692 2501 die
718 2469 818 2502 romi-

133 2514 213 2547 sche
239 2513 442 2546 Geschichte
468 2514 520 2546 bis
547 2516 612 2547 700
639 2524 667 2548 a.
695 2526 739 2556 u.,
773 2517 816 2548 54

133 2570 164 2592 v.
184 2559 258 2593 Chr.
286 2559 366 2601 (Cic.
389 2563 472 2593 orat.
493 2562 547 2601 34,
568 2562 656 2602 120).

892 1558 946 1590 bei
968 1558 1085 1600 Jedem
1102 1558 1184 1592 Jahr
1204 1559 1258 1592 die
1276 1560 1407 1593 Namen
1425 1560 1482 1593 der
1504 1561 1577 1602 (ho-

892 1604 987 1645 hern)
1014 1604 1177 1637 Beamten
1203 1606 1431 1640 verzeichnet.

937 1652 968 1684 2.
1000 1649 1226 1689 familiarum
1257 1654 1435 1693 originem
1464 1654 1577 1684 subte-

889 1698 982 1728 aem't.
1023 1695 1134 1729 Wenn
1158 1697 1337 1730 beriihmte
1358 1697 1500 1730 Marmei·
1519 1708 1578 1731 zu-

894 1744 963 1773 erst
980 1741 1179 1784 vorkamen,
1204 1753 1242 1776 so
1261 1754 1332 1776 war
1348 1743 1508 1776 darunter
1527 1743 1576 1776 ihr

893 1785 1128 1819 Stammbaum
1153 1789 1364 1831 angegeben.

935 1834 1154 1874 propagines
1185 1833 1257 1866 hier
1281 1830 1354 1866 ‘die
1380 1833 1577 1866 Stammsol-

892 1873 980 1918 gen'‚
1007 1878 1141 1910 sowohl
1167 1878 1220 1911 die
1239 1878 1428 1911 Vorfahren
1454 1879 1504 1912 als
1522 1879 1576 1912 die

891 1922 1161 1957 Nachkommen.
1186 1925 1352 1967 Propago
1378 1924 1421 1957 ist
1447 1924 1503 1957 bei
1530 1924 1577 1957 al-

892 1972 966 2001 tern
979 1967 1249 2002 Schriftstellern
1263 1970 1374 2003 selten
1387 1969 1455 2002 und
1470 1969 1576 2003 findet

891 2014 964 2047 sich
1001 2019 1098 2048 sonst
1137 2026 1199 2048 nur
1231 2026 1299 2048 von
1334 2015 1485 2048 Baumen
1519 2026 1578 2058 ge-

889 2060 1050 2099 braucht3
1085 2060 1138 2093 hei
1171 2061 1236 2093 den
1261 2060 1421 2094 Diclitern
1454 2061 1486 2093 in
1517 2061 1576 2094 der

888 2104 1093 2148 Bedeutung
1110 2101 1516 2148 ‘Nachkomme11schast',
1540 2107 1575 2139 in

890 2151 1038 2184 welches
1064 2161 1100 2184 es
1126 2153 1212 2185 auch
1238 2152 1324 2186 Plin.
1344 2164 1374 2185 n.
1395 2152 1511 2185 h.V11.
1537 2155 1574 2186 14

890 2198 959 2237 (12)
986 2197 1055 2231 hat.

935 2245 965 2276 3.
992 2244 1058 2275 Ιιοο
1082 2243 1185 2275 idem.
1217 2243 1337 2276 Hierzu
1356 2244 1400 2276 ist
1419 2254 1479 2276 aus
1497 2243 1574 2276 dem

890 2287 1220 2330 Vorhergehenden,
1247 2289 1359 2322 indem
1387 2292 1469 2322 statt
1495 2291 1574 2321 sab-

890 2335 1008 2366 te-oeuc’t
1044 2334 1098 2366 ein
1138 2334 1358 2377 allgemeiner
1394 2334 1574 2368 Ausdruck

889 2379 1105 2412 substituiert
1120 2380 1214 2420 wird,
1233 2379 1515 2413 hinzuzudenken
1533 2384 1574 2413 ut

887 2423 1113 2463 famsliarmn
1153 2427 1330 2467 originem
1367 2430 1572 2468 exponeret.

890 2469 922 2502 S.
942 2480 982 2503 zu
1009 2481 1036 2504 c.
1060 2474 1110 2511 13,
1130 2472 1160 2505 3.

936 2515 983 2548 ad
1006 2517 1098 2548 Ιιαιισ
1123 2520 1271 2548 aetatem
1294 2516 1492 2559 allgemein:
1519 2517 1572 2550 bis

889 2572 947 2593 zur
980 2561 1054 2594 Zeit
1088 2562 1121 2594 in
1157 2562 1304 2595 welcher
1335 2563 1470 2596 Atticus
1504 2563 1572 2596 und

1308 2619 1366 2653 15*
