1780 2877
626 118 738 154 xvnl.
765 118 981 152 EUMENES.
1011 121 1041 153 3.
1467 114 1543 154 151

112 236 249 277 salutis
281 247 395 287 quam
425 235 513 274 fidei
542 235 615 274 suit
644 234 834 287 cupidior.
875 234 1118 272 Praesecerat
1149 233 1253 271 bunc
1287 233 1491 273 Perdiccas
1513 234 1547 273 ei
1577 239 1595 270 2

114 293 215 346 parti
232 293 355 339 Asiae,
374 304 472 343 quae
494 292 598 331 inter
613 291 784 330 Taurum
801 297 974 329 montem
992 291 1089 328 iacet
1104 295 1219 340 atque
1236 288 1546 340 Hellespontum,

90 393 94 396 ,
113 356 154 389 et
174 350 281 389 illum
303 362 426 389 unum
449 354 683 400 opposuerat
705 347 920 398 Europaeis
941 345 1188 393 adversariis;
1221 346 1303 397 ipse
1325 346 1542 397 Aegyptum

111 413 382 458 oppugnatum
406 406 588 445 adversus
603 404 867 443 Ptolemaeum
888 408 969 441 erat
987 402 1199 453 profectus.
1241 402 1438 441 Eumenes
1455 414 1542 441 cum
1575 408 1592 439 3

113 475 242 514 neque
265 475 425 514 magnas
446 461 577 513 copias
598 472 725 511 neque
741 460 872 498 firmas
893 459 1065 505 liaberet,
1089 459 1193 510 quod
1211 465 1248 498 et
1270 458 1544 498 inexercitatae

111 525 151 558 et
173 532 253 559 non
276 520 398 559 multo
420 524 509 557 ante
541 523 653 556 erant
681 521 916 563 contractae,
939 516 1147 554 adventare
1170 522 1299 555 autem
1321 515 1546 554 dicerentur

111 576 491 628 Hellespontumque
507 573 694 613 transisse
706 573 911 624 Antipater
927 578 965 611 et
977 571 1156 612 Crateros
1172 585 1314 624 magno
1326 584 1414 611 cum
1433 584 1544 611 exer-

111 633 189 672 citu
220 633 501 677 Macedonum,
531 631 601 669 viri
631 642 721 669 cum
752 629 925 669 claritate
956 634 1036 668 tum
1068 642 1141 669 usu
1171 629 1260 669 belli
1293 635 1537 680 praestantes

111 690 360 739 (Macedones
387 700 478 727 vero
509 687 650 726 milites
671 693 818 726 catum
849 692 960 725 erant
990 686 1112 732 fama,
1144 699 1217 737 qua
1248 698 1354 726 nunc
1375 685 1539 724 Romani
1569 692 1588 723 4

110 747 310 785 feruntur:
328 745 474 784 etenim
489 756 644 796 semper
660 743 780 782 habiti
797 749 886 782 sunt
906 743 1120 789 fortissimi,
1143 743 1209 794 qui
1231 742 1372 782 summi
1388 742 1540 793 imperii

107 802 368 854 potirentur):
407 801 606 840 Eumenes
637 800 905 851 intellegebat,
941 800 972 839 si
1004 800 1140 851 copiae
1169 812 1260 839 suae
1292 804 1542 851 cognossent,

105 859 292 898 adversus
313 871 412 910 quos
434 859 694 902 ducerentur,
716 870 795 896 non
819 857 935 895 modo
960 870 1040 895 non
1063 857 1203 903 ituras,
1226 857 1292 896 sed
1316 855 1431 896 simul
1453 868 1541 895 cum

107 916 248 955 nuntio
270 915 497 967 dilapsuras.
539 915 673 965 Itaque
694 915 768 953 hoc
790 914 825 952 ei
854 914 977 953 visum
1008 919 1068 952 est
1096 913 1466 965 prudentissimum,
1498 919 1539 952 ut
1570 918 1588 950 5

105 972 225 1012 deviis
242 972 446 1011 itineribus
457 971 599 1010 milites
609 971 782 1018 duceret,
800 971 839 1009 in
852 970 995 1021 quibus
1010 981 1099 1008 vera
1116 969 1250 1008 audire
1269 982 1348 1008 non
1365 975 1539 1021 possent,

106 1035 143 1068 et
165 1029 225 1068 his
245 1029 498 1081 persuaderet
518 1040 558 1067 se
581 1034 717 1067 contra
739 1027 928 1078 quosdam
954 1026 1141 1065 barbaros
1161 1026 1369 1077 proficisci.
1411 1027 1537 1076 Atque
1568 1031 1586 1064 6

105 1085 233 1124 tenuit
253 1086 327 1125 hoc
348 1084 597 1137 propositum
617 1090 656 1123 et
676 1084 786 1136 prius
806 1084 844 1122 in
868 1083 991 1122 aciem
1023 1083 1237 1122 exercitum
1269 1082 1401 1122 eduxit
1422 1094 1539 1134 proe-

104 1142 278 1194 liumque
310 1142 523 1187 commisit,
554 1153 669 1192 quam
701 1140 843 1179 milites
863 1140 922 1179 sui
953 1140 1118 1187 scirent,
1149 1152 1239 1179 cum
1270 1139 1413 1190 quibus
1434 1151 1539 1178 arma

102 1199 343 1238 conferrent.
386 1198 525 1237 Effecit
541 1198 656 1237 etiam
673 1197 767 1236 illud
783 1197 961 1236 locorum
978 1196 1346 1248 praeoccupatione,
1368 1202 1411 1235 ut
1427 1196 1538 1247 equi-

103 1261 186 1294 tatu
206 1257 338 1308 potius
358 1255 578 1303 dimicaret,
602 1267 680 1306 quo
701 1255 789 1306 plus
810 1254 978 1300 valebat,
1002 1266 1116 1304 quam
1139 1253 1335 1305 peditatu,
1358 1266 1435 1304 quo
1458 1260 1539 1292 erat

148 1378 302 1417 conflata
320 1396 363 1401 ——
381 1377 470 1410 bella
488 1377 554 1410 wie
573 1377 692 1410 Chabr.
708 1379 738 1418 2,
753 1379 782 1411 3.

149 1435 178 1467 2.
202 1434 407 1476 Aegyptum
440 1434 562 1477 hangt,
598 1433 663 1467 wie
696 1433 781 1467 Dion

101 1482 134 1521 5,
159 1481 179 1513 3
204 1481 392 1522 imperium
426 1479 507 1522 (vgl.
532 1480 594 1522 Ag.
621 1482 653 1520 5,
678 1481 699 1513 4
723 1490 782 1511 ex—

98 1526 248 1568 pugno),
273 1535 339 1557 von
366 1528 611 1567 oppugnatum
635 1525 687 1558 ab.

148 1573 178 1604 3.
207 1580 320 1611 neque
351 1581 510 1613 magnas.
557 1570 651 1604 Nach
685 1570 780 1603 Diod.

100 1615 213 1648 XVIII.
241 1617 282 1648 30
316 1625 430 1648 waren
462 1616 515 1649 die
548 1616 780 1659 Fusstruppen

99 1661 161 1694 des
187 1660 281 1694 Eum.
307 1670 348 1693 an
374 1661 456 1694 Zahl
486 1661 593 1694 denen
621 1661 680 1694 des
705 1661 782 1694 Cra-

101 1710 192 1739 terus
228 1706 359 1748 gleicb,
391 1706 471 1739 aber
505 1707 638 1749 wenige
671 1705 782 1739 Mace-

98 1751 219 1785 donier
249 1751 424 1789 darunter;
459 1762 500 1784 an
532 1751 677 1784 Reiterei
711 1762 782 1784 war

98 1807 136 1830 er
152 1797 348 1839 uberlegen.
382 1796 458 1840 Vgl.
476 1796 570 1830 Diod.
588 1796 701 1830 XVIII.
726 1798 779 1830 29.

103 1842 190 1875 Plut.
217 1842 310 1875 Eum.
338 1845 357 1875 4
382 1853 415 1876 u.
442 1845 472 1876 5.

144 1890 176 1921 4.
200 1886 383 1926 femmtur.
433 1888 465 1920 S.
492 1898 531 1920 zu
558 1887 635 1930 Lys.
661 1889 692 1929 4,
719 1889 749 1920 2.

144 1936 273 1965 summi
288 1935 432 1975 imperii
450 1933 514 1966 wie
532 1937 635 1966 unten
655 1943 682 1965 c.
703 1935 733 1973 ἵ,
753 1935 778 1966 l.

98 1977 133 2011 S.
159 1989 201 2012 zu
227 1978 304 2022 Lys.
333 1981 362 2019 1,
388 1981 407 2012 4
434 1978 502 2011 und
527 1988 566 2011 zu
592 1977 665 2011 Dat.
697 1981 724 2014 1,
748 1979 778 2011 2.

98 2023 164 2057 Das
190 2024 239 2058 bs.
256 2034 427 2056 summum
448 2025 590 2066 imperii
613 2024 657 2056 ist
675 2023 781 2056 offen-

98 2069 158 2102 bar
182 2068 286 2102 durch
311 2069 544 2113 Dittograpliie
577 2068 635 2102 der
666 2072 777 2102 ersten

98 2113 193 2147 Silbe
217 2124 285 2148 von
309 2117 452 2157 imperii
476 2114 691 2148 entstanden.

144 2160 318 2192 Eumenes
352 2160 439 2193 nach
474 2161 647 2193 Eumenes
672 2161 705 2201 (ξ
731 2161 775 2200 3).

99 2204 135 2239 S.
162 2215 202 2237 zu
229 2204 332 2238 Phoc.
357 2207 389 2245 2,
413 2208 444 2238 4.

144 2253 175 2284 5.
200 2253 297 2282 nt—
315 2254 468 2293 possent.
508 2249 586 2282 Dies
610 2250 777 2283 berichtet

97 2295 213 2339 Nepos
237 2296 350 2330 allein.

141 2344 182 2373 vt
205 2340 293 2384 folgt
322 2341 381 2374 aus
411 2343 523 2373 visum
549 2344 599 2373 est
623 2341 777 2383 pruden-

97 2389 271 2419 tissimum
296 2396 415 2429 wegen
449 2385 507 2418 der
531 2386 564 2418 in
589 2385 664 2419 dem
690 2386 775 2419 Aus-

97 2431 203 2465 druck
229 2431 406 2475 liegenden
423 2431 565 2464 Absicht
584 2431 668 2464 nach
688 2431 776 2464 Ana·

97 2477 187 2520 logie
206 2484 277 2511 von·
288 2479 378 2510 mihi
394 2477 536 2509 videtur
553 2476 664 2509 allein.
698 2475 773 2509 Ter.

98 2521 231 2557 Phorm.
255 2522 310 2557 tv.
336 2525 367 2565 3,
396 2526 435 2556 14
460 2524 616 2564 visumst,
640 2524 707 2562 mi,
736 2525 775 2554 ut

95 2570 170 2600 eius
195 2572 399 2611 temptarem
423 2571 653 2609 sententiam,
688 2566 775 2606 Qua-

852 1376 936 1419 drig.
963 1386 1015 1419 ap.
1033 1374 1182 1409 Gell.111.
1204 1377 1234 1416 S,
1253 1377 1272 1409 S
1298 1377 1420 1417 visum,
1445 1379 1485 1407 ut
1503 1379 1535 1408 te

851 1422 986 1454 salvum
1012 1421 1157 1453 velimus
1179 1420 1248 1454 und
1266 1423 1377 1453 visum
1403 1424 1461 1462 est,
1495 1425 1535 1453 nt

851 1470 885 1499 te
912 1468 1098 1500 certiorem
1121 1465 1336 1508 faceremus,
1369 1466 1465 1499 Corn.
1493 1466 1534 1499 ad

851 1512 928 1547 Her.
952 1511 1007 1546 IV.
1035 1513 1086 1553 10,
1115 1515 1154 1545 14
1178 1512 1241 1544 ubi
1264 1514 1376 1544 visum
1409 1515 1470 1552 est,
1495 1516 1535 1544 ut

851 1560 888 1590 in
906 1558 1045 1590 alveum
1068 1557 1303 1599 descenderet,
1328 1557 1397 1590 Liv.
1415 1556 1532 1590 XXVI.

851 1605 913 1644 21,
937 1606 959 1637 4
992 1603 1144 1635 medt'um
1177 1605 1311 1644 visum,
1348 1606 1389 1635 ul
1426 1614 1533 1635 ovans

852 1650 974 1682 urbem
1000 1651 1120 1682 iniret.

897 1698 1021 1727 contr-a
1040 1694 1210 1737 quosdam
1229 1695 1408 1737 ῥανῦαζοε.
1443 1693 1531 1727 Plut.

850 1738 945 1773 Eum.
973 1742 992 1773 6
1024 1736 1183 1772 Διέὃωκε
1213 1740 1281 1785 μὲν
1314 1739 1379 1771 οὖν
1410 1735 1528 1784 λόγον,

851 1781 899 1817 ὡς
929 1783 1181 1828 Νεοπτόλεμος
1212 1784 1321 1818 αὖθις
1351 1785 1447 1817 ἐπίοι
1472 1786 1531 1816 καὶ

852 1832 987 1875 Πίγρης
1003 1831 1143 1871 ἔχοντες
1168 1828 1287 1863 ἱππεῖς
1300 1831 1358 1861 καὶ
1372 1832 1530 1862 Καππα-

851 1872 972 1908 δόκων
985 1878 1044 1907 καὶ
1058 1872 1325 1920 Παφλαγόνων.
1355 1874 1529 1916 Quosdam

850 1931 876 1955 s.
904 1931 944 1954 zu
970 1919 1044 1954 Dat.
1070 1923 1101 1961 6,
1129 1922 1156 1953 1.

896 1968 925 1999 6.
951 1968 1017 1998 sni.
1065 1965 1098 1999 S.
1126 1976 1166 1998 zu
1192 1964 1277 1998 Mitt.
1306 1967 1334 2006 1,
1362 1967 1390 1998 1.

895 2033 964 2064 qno
991 2026 1068 2055 erat
1091 2022 1275 2054 deteriore.
1317 2020 1426 2054 Durcli
1453 2021 1526 2054 eine

848 2069 990 2110 grobere
1005 2067 1235 2109 Anschauung
1252 2067 1459 2100 bezeichnen
1473 2066 1527 2100 die

847 2113 1002 2146 Lateiner
1021 2113 1187 2146 zuweilen
1206 2112 1276 2153 das,
1298 2123 1369 2145 was
1385 2111 1529 2145 Jemand

847 2159 918 2199 hat,
942 2158 1024 2192 oder
1047 2158 1101 2191 die
1127 2158 1227 2200 Lage,
1252 2158 1285 2190 in
1312 2157 1370 2191 der
1394 2168 1430 2190 er
1455 2158 1527 2190 sicli

846 2203 1009 2243 befindet,
1033 2204 1083 2237 als
1101 2204 1195 2237 seine
1213 2203 1441 2246 Eigenschast.
1480 2201 1526 2236 So

845 2249 951 2282 findet
976 2250 1047 2283 sich
1074 2260 1102 2282 c.
1122 2252 1153 2289 7,
1172 2251 1189 2282 2
1215 2252 1354 2282 minore
1377 2259 1415 2280 se
1438 2251 1527 2281 invi-

844 2296 906 2328 dia
922 2294 1022 2335 fore;
1041 2295 1163 2337 aliquo
1175 2294 1337 2338 periculo
1355 2305 1424 2326 esse
1441 2293 1525 2327 Dion

846 2342 877 2380 2,
902 2343 934 2374 4.
967 2340 1042 2374 Dat.
1068 2343 1100 2377 5,
1126 2344 1156 2373 3.
1188 2339 1280 2374 Ham.
1308 2341 1338 2375 2,
1368 2343 1393 2372 Ι.
1420 2338 1525 2373 Hann.

847 2388 883 2426 9,
920 2387 939 2419 2
973 2386 1096 2426 (neben
1135 2387 1173 2417 in
1210 2385 1332 2427 aliquo
1364 2385 1525 2427 periculo

845 2442 916 2463 esse
940 2430 1026 2464 Dion
1051 2433 1081 2471 8,
1107 2432 1138 2464 2.
1164 2429 1237 2464 Dat.
1264 2433 1294 2471 5,
1318 2432 1349 2463 4.
1375 2430 1446 2462 Att.
1475 2432 1525 2471 10,

848 2479 876 2515 1,
897 2478 930 2517 2)
955 2475 1022 2509 und
1049 2476 1079 2509 b.
1107 2476 1173 2508 Cic.
1200 2475 1241 2509 ad
1267 2475 1344 2508 sam.
1361 2474 1414 2508 lV.
1436 2478 1486 2515 15,
1504 2477 1523 2509 2

844 2533 888 2554 ne
917 2532 985 2564 quo
1019 2521 1178 2564 periculo
1213 2525 1245 2553 le
1271 2522 1422 2563 proprio
1450 2523 1525 2553 exe·-

843 2570 1005 2600 stimares
1041 2578 1133 2607 essse,-
1173 2566 1301 2600 ebenda
1337 2565 1391 2601 IV.
1428 2569 1466 2608 4,
1503 2569 1524 2601 4
