1780 2877
195 122 275 160 242
788 96 956 155 Exccns
984 121 1022 154 V.

869 235 949 283 V.*)

308 324 455 358 Timoth.
483 329 513 362 3,
532 327 550 357 4
582 325 629 356 At
655 324 713 355 ille
738 327 928 356 temeraria
955 335 1036 356 usus
1059 325 1201 356 ratione
1226 334 1295 355 non
1322 326 1421 356 cessit
1442 326 1619 356 maiorum

195 373 282 402 natu
307 372 518 402 auctoritati
542 373 592 410 vt,
627 372 666 400 ut
691 371 727 401 in
751 380 814 401 sua
839 380 946 401 manu
973 372 1060 401 esset
1081 369 1248 409 fortuna,
1282 379 1349 410 quo
1379 369 1618 410 contenderat,

191 417 365 457 pervenit,
390 416 576 456 eodemque
598 418 639 446 ut
661 419 901 456 sequerentur,
926 415 974 446 ad
1001 414 1218 447 Timotheum
1244 416 1279 445 ct
1296 414 1505 455 Iphicratem
1528 424 1618 445 nun-

195 463 285 492 tium
309 462 416 492 misit.
457 459 546 492 Haec
572 469 638 492 non
655 459 779 492 licebat
796 460 842 493 ita
861 459 1039 503 explicare,
1062 463 1099 492 ut
1117 459 1239 491 Chares
1257 458 1311 499 (de
1329 468 1368 491 eo
1387 458 1475 491 enim
1495 458 1618 501 agitur)

195 516 234 538 ca
259 505 299 538 de
325 516 436 545 causa,
462 515 528 547 quo
555 504 784 545 contenderat,
810 505 1005 548 pervenisse
1031 504 1208 543 diceretur,
1232 508 1270 537 ut
1295 503 1328 536 in
1346 503 1497 536 Charetis
1517 513 1618 536 manu

195 555 285 583 esset
303 550 446 582 fortuna.
480 549 564 581 Nam
582 549 722 591 primum
743 553 812 582 tum
831 561 896 583 non
914 560 990 591 sua,
1008 549 1067 582 sed
1086 551 1160 581 eius
1177 547 1370 592 ponendum
1387 552 1472 586 erat;
1499 547 1620 580 deinde

195 606 232 627 ea
259 606 310 629 re.
337 594 428 637 quod
452 593 526 634 ille,
552 604 618 636 quo
644 593 879 635 contenderat,
905 595 1076 636 pervenit,
1102 604 1212 637 neque
1237 592 1325 626 effici
1353 596 1504 636 poterat,
1529 591 1619 635 quod

195 641 369 673 enuntiato
395 638 487 671 finali
513 638 732 679 significatur,
759 649 867 681 neque
893 639 1050 672 effectum
1075 639 1231 681 cuiquam
1248 638 1372 671 videri:
1399 638 1512 671 statim
1531 636 1619 670 enim

195 685 278 718 haec
303 684 514 717 subiciuntur
539 683 629 715 Hinc
652 683 743 714 ntalc
767 694 806 715 re
826 686 944 724 gesta,
976 684 1214 725 compluribus
1238 685 1374 716 amissis
1397 684 1546 715 navibus
1569 691 1621 723 eo,

194 730 288 762 unde
314 733 390 761 erat
421 728 622 771 profectus,
655 739 690 759 se
721 730 857 770 recipit.
906 727 1010 761 Recte
1035 728 1201 761 diceretur
1224 728 1402 762 consilium
1427 728 1490 761 hoc
1515 726 1621 760 fuisse

196 774 356 814 Charetis,
382 779 418 807 ut
436 774 469 806 in
487 783 545 806 sua
564 781 663 806 manu
683 778 773 806 esset
791 773 939 812 fortuna3
967 772 1026 806 sed
1042 777 1079 806 ut
1104 772 1138 805 id
1163 772 1419 815 significaretur,
1444 771 1619 806 enuntiato

196 819 351 862 primario
369 819 442 861 ipse
458 818 580 851 Chares
598 818 709 860 egisse
727 818 853 861 aliquid
871 818 1033 851 dicendus
1051 822 1138 851 erat:
1156 817 1191 850 id
1208 817 1298 860 quod
1315 817 1486 860 perspexit
1502 815 1622 850 Fleck-

195 865 341 902 eisenus,
367 864 419 897 cui
446 864 478 895 in
505 863 672 905 Philologi
695 863 748 897 lV.
775 865 838 897 325
866 874 934 905 quo
960 864 1200 903 contenderat,
1222 864 1385 905 perrea-it
1407 861 1619 895 scribendum

195 909 382 943 videbatur.
432 908 550 951 Neque
575 919 655 941 vero
680 911 720 940 ut
746 909 799 941 hie
825 909 903 951 poni
929 912 1061 951 poterat
1085 919 1145 951 pro
1170 910 1210 939 ut
1232 909 1264 939 si
1288 911 1345 940 aut
1364 907 1476 947 velut;
1499 916 1620 949 neque,

195 955 222 987 si
249 954 392 987 maxime
418 958 533 996 posset
559 958 617 986 aut
640 953 724 986 haec
748 954 821 996 ipsa
846 954 970 996 scripta
996 958 1120 995 essent,
1145 952 1270 986 rectius
1295 956 1353 986 aut
1375 962 1439 984 sua
1465 955 1523 984 aut
1545 960 1621 983 sen-

197 1000 301 1032 tentia
326 999 484 1032 haberet:
510 1009 619 1042 neque
645 999 733 1031 enim
758 998 845 1040 ideo,
872 999 949 1042 quia
977 1004 1057 1040 tum,
1083 1010 1149 1042 quo
1167 997 1397 1039 contenderat,
1423 998 1622 1040 pervenerat

196 1045 330 1084 Chares,
355 1045 388 1076 in
413 1054 514 1076 manu
540 1044 612 1076 eius
637 1054 711 1076 esse
731 1044 865 1077 fortuna
883 1043 986 1076 videri
1005 1048 1148 1086 poterat.
1189 1043 1281 1082 Quae
1298 1053 1373 1076 cum
1390 1041 1550 1082 viderem,
1574 1040 1621 1073 ita

195 1089 277 1122 haec
302 1089 405 1122 verba
430 1089 510 1122 olim
536 1089 720 1131 explicavi,
746 1094 783 1122 ut
806 1099 870 1121 sua
895 1089 1054 1122 referrem
1079 1089 1120 1121 ad
1144 1089 1348 1130 fortunam,
1377 1091 1411 1120 et
1435 1087 1511 1120 ideo
1537 1085 1622 1118 Cha-

194 1139 312 1175 retem,
338 1145 404 1177 quo
430 1133 671 1175 contendisset,
697 1134 892 1177 pervenisse
909 1134 974 1166 dici
993 1134 1229 1175 existimarem,
1253 1137 1291 1166 ut
1308 1133 1462 1166 fortunae
1478 1131 1621 1164 liberum

195 1184 285 1213 esset
310 1179 430 1217 facere,
456 1179 537 1221 quid
561 1178 676 1212 vellet.
724 1179 842 1222 Neque
867 1179 953 1212 hanc
979 1178 1240 1221 explicationem
1265 1178 1455 1211 necessario
1482 1176 1622 1210 reicien-

195 1225 271 1257 dam
297 1234 372 1257 esse
396 1223 466 1257 ullo
491 1223 592 1256 modo
618 1223 837 1257 demonstrari
858 1227 980 1266 potest.
1022 1224 1106 1257 Nam
1127 1226 1164 1256 in
1181 1235 1246 1256 sua
1261 1234 1370 1256 manu
1387 1233 1457 1255 esse
1471 1221 1622 1262 fortuna

196 1280 263 1303 non
288 1269 398 1302 minus
423 1273 513 1301 recte
539 1268 662 1302 dicitur
686 1279 785 1311 quarn
812 1269 944 1311 aliquis
968 1271 1006 1301 in
1030 1280 1095 1301 sua
1114 1272 1309 1312 potestate,
1338 1271 1376 1300 in
1408 1278 1472 1300 sua
1498 1265 1620 1307 tutela,

193 1317 251 1346 sui
273 1316 365 1346 iuris
389 1325 468 1346 esse.
509 1313 605 1352 Quod
630 1317 741 1347 autem
767 1313 840 1347 fieri
864 1313 991 1358 aliquid
1016 1314 1148 1356 dicitur,
1174 1318 1210 1348 ut
1234 1314 1268 1346 in
1293 1324 1352 1347 sua
1376 1323 1476 1346 manu
1494 1312 1538 1345 sit
1555 1311 1620 1344 sor-

200 1364 289 1400 tuna,
316 1359 413 1403 quasi
438 1359 523 1391 aliae
548 1369 600 1392 res
627 1359 760 1392 fortuna
784 1364 954 1401 regantur,
980 1359 1065 1392 aliae
1090 1370 1169 1401 non,
1202 1362 1236 1392 et
1259 1360 1331 1402 ipsa
1357 1358 1490 1391 fortuna
1515 1357 1620 1399 impe-

195 1405 305 1438 diatur
330 1404 531 1447 quibusdam
556 1404 668 1445 rebus,
693 1404 726 1437 in
753 1414 792 1437 eo
818 1415 883 1437 uon
909 1404 1072 1446 haerebit,
1097 1404 1250 1447 quisquis
1273 1402 1493 1446 reputaverit,
1518 1411 1619 1445 quani

196 1450 308 1483 variae
342 1454 376 1482 et
409 1450 594 1482 contrariae
628 1449 714 1482 inter
739 1459 774 1482 se
800 1452 833 1482 et
859 1449 982 1482 suerint
1007 1453 1040 1482 et
1065 1449 1132 1481 sint
1157 1448 1197 1481 de
1222 1448 1350 1481 ultimis
1374 1457 1483 1481 rerum
1508 1446 1619 1479 causis

198 1495 375 1538 opiniones
401 1498 434 1527 et
460 1505 560 1536 quam
586 1504 687 1537 saepe
712 1494 767 1526 vel
793 1493 979 1527 doctissimi
1005 1494 1158 1526 homines
1183 1498 1239 1526 aut
1264 1493 1359 1535 vulgi
1376 1491 1619 1526 consuetudine

198 1544 255 1573 aut
281 1539 393 1583 aliqua
417 1539 637 1572 humanarum
664 1538 833 1572 actionum
859 1538 1077 1572 similitudine
1102 1538 1230 1571 inducti
1255 1538 1296 1571 de
1320 1538 1361 1570 iis
1385 1537 1494 1578 aliter,
1518 1539 1619 1579 atque

195 1585 259 1628 ipsi
294 1585 459 1625 sentiant,
492 1584 683 1627 loquantur.
731 1583 844 1617 Nihilo
877 1583 986 1616 minus
1016 1583 1116 1626 paulo
1144 1582 1411 1616 artificiosiorem
1435 1591 1510 1615 esse
1534 1581 1620 1614 han‘c

195 1630 362 1663 rationem
388 1628 568 1669 confiteor,
601 1633 633 1662 et
659 1639 733 1661 cum
760 1628 825 1661 leni
851 1629 1037 1661 mutatione
1063 1628 1272 1670 efficeretur,
1305 1627 1397 1671 quod
1421 1626 1512 1661 omni
1536 1625 1619 1659 vitio

197 1679 343 1715 careret,
376 1674 441 1707 hoc
474 1674 633 1716 amplecti
666 1683 732 1706 non
762 1673 923 1707 dubitavi.
973 1673 1056 1706 Nam
1083 1683 1158 1706 cum
1182 1672 1390 1715 Heusingero
1414 1672 1448 1705 in
1473 1674 1619 1704 mentem

195 1720 345 1752 venisset
372 1722 405 1750 et
428 1723 468 1751 ut
491 1719 688 1752 mutandum
707 1729 781 1751 esse
799 1718 831 1751 in
851 1719 955 1759 velut,
981 1718 1122 1761 perfecit
1140 1717 1409 1751 emendationem
1426 1716 1620 1750 Dietschius

196 1765 348 1797 oratione
372 1764 405 1796 in
430 1763 518 1796 hunc
542 1763 678 1797 modum
704 1763 881 1796 distincta:
906 1764 955 1795 At
981 1763 1041 1795 ille
1067 1765 1256 1796 temeraria
1281 1774 1365 1795 usus
1387 1765 1528 1795 ratione
1547 1771 1619 1794 non

197 1811 299 1841 cessit
329 1811 507 1840 maiorum
537 1813 625 1841 natu
656 1810 883 1850 auctoritati,
917 1808 1011 1840 velut
1041 1810 1078 1840 in
1111 1819 1176 1841 sua
1210 1819 1316 1841 manu
1352 1813 1439 1840 esset
1459 1806 1620 1847 fortuna.

198 1856 272 1895 (luo
298 1854 538 1894 contenderat,
557 1855 723 1895 pervenit
748 1857 782 1886 et
807 1865 838 1896 q.
857 1864 882 1886 s.
931 1853 1035 1886 Plane
1061 1853 1180 1887 eodem
1205 1853 1305 1887 modo
1331 1852 1404 1886 Dat.
1423 1855 1455 1895 6,
1473 1856 1491 1886 2
1517 1851 1619 1885 verba

198 1902 272 1940 Quo
300 1899 541 1939 contenderat,
565 1901 728 1941 pervenit
753 1898 984 1941 superioribus
1010 1898 1245 1942 adiunguntur.

854 1999 974 2049 v1.**>

311 2079 453 2121 Ag.3‚4
478 2079 542 2111 iam
569 2078 693 2111 dudum
719 2078 751 2110 in
778 2077 927 2110 editione
951 2078 1078 2110 minore
1104 2077 1152 2109 sic
1170 2076 1305 2119 scripsi:
1331 2076 1420 2108 Huic
1441 2086 1519 2108 cum
1537 2078 1621 2106 tem—

194 2135 261 2166 pus
286 2127 371 2155 esset
394 2126 505 2155 visum
532 2125 651 2166 copias
676 2124 863 2155 eal-trahere
887 2133 931 2154 ea:
956 2121 1210 2163 hibernaculis,
1238 2121 1342 2162 vidit,
1366 2122 1416 2162 si,
1442 2131 1509 2162 quo
1536 2122 1622 2152 esset

196 2171 266 2200 iter
288 2169 463 2209 facturus,
482 2169 605 2211 palam
628 2169 905 2210 pronuntiasset,
931 2168 1039 2199 hostis
1063 2177 1133 2199 non
1159 2167 1358 2199 credituros
1386 2165 1545 2207 aliasque
1567 2175 1621 2197 re-

193 2216 319 2254 giones
337 2214 530 2256 praesidiis
554 2217 789 2255 occupaturos
811 2223 924 2254 neque
949 2212 1174 2244 dubitaturos
1203 2211 1304 2243 aliud
1327 2221 1403 2242 eum
1426 2210 1621 2251 facturum,

198 2270 239 2291 ac
259 2261 537 2301 pronuntiasset.
573 2258 607 2290 ln
634 2257 756 2301 quibus
781 2257 883 2290 aliud
907 2267 983 2289 cum
999 2256 1183 2296 facturum
1200 2256 1426 2300 praebuerunt
1444 2254 1619 2288 Parcensis

198 2309 228 2336 et
254 2303 485 2336 Ultraiectina.
533 2302 657 2343 Antea,
681 2313 756 2336 cum
781 2302 845 2335 hoc
870 2312 911 2335 ex
937 2312 1002 2335 una
1027 2301 1247 2335 Ultraiectina
1271 2304 1425 2334 notatum
1449 2304 1540 2333 esset
1564 2309 1621 2332 ne-

199 2359 262 2390 que
288 2348 328 2382 de
355 2349 556 2382 auctoritate
580 2347 679 2381 huius
704 2347 888 2391 scripturae
915 2351 1096 2388 constaret,
1121 2347 1153 2379 in
1180 2347 1284 2380 altera
1306 2345 1431 2379 familia
1453 2344 1621 2387 legeretur

198 2394 299 2426 aliud
325 2405 394 2426 esse
416 2394 610 2434 facturum,
636 2393 751 2436 Nepos
768 2396 879 2425 autem
899 2392 1054 2425 omnibus
1071 2392 1212 2435 reliquis
1229 2391 1314 2425 locis
1330 2390 1498 2423 infinitivo
1517 2389 1618 2422 futuri

199 2439 298 2470 activi
324 2439 465 2472 verbum
491 2450 561 2471 esse
586 2438 798 2479 detraxisset,
823 2437 988 2481 spicilegii
1015 2438 1134 2480 prioris
1160 2448 1190 2480 p.
1213 2439 1249 2471 13
1266 2434 1520 2469 Lieberkuehnii
1541 2444 1620 2466 con—

311 2528 344 2565 *›
370 2527 483 2570 spicil.
509 2528 546 2560 11.
571 2530 601 2567 3,
628 2528 682 2561 ss.

289 2573 343 2613 **)
369 2572 484 2615 Spicil.
510 2573 544 2606 ll.
571 2576 602 2614 4,
628 2575 749 2606 4-15.
786 2570 862 2614 vgt.
890 2573 974 2605 auch
1000 2570 1299 2615 Sprachgebrauch
1328 2570 1388 2603 103
1405 2568 1439 2601 ff.
