1780 2877
613 102 697 137 XVI.
724 102 970 138 PELOPIDAS.
994 106 1027 140 4.
1448 103 1527 143 135

101 216 277 256 convivio
301 222 401 256 esset
422 217 529 265 data,
561 218 661 257 sicut
689 225 770 258 erat
797 219 968 271 signata,
996 218 1068 258 suh
1089 219 1292 270 pulvinum
1313 220 1524 267 subiciens

97 269 159 313 ‘In
176 267 401 312 crastinum'
426 274 554 325 inquit
571 269 700 314 ‹l1fle1
703 290 725 314 o
742 288 806 314 res
820 288 984 315 severas.
1024 277 1073 314 At
1088 275 1143 313 illi
1164 287 1314 322 omnes,
1336 288 1426 314 cum
1446 277 1521 316 iam

102 342 181 369 nox
202 331 475 381 plocessisset‚
498 331 686 370 vinolenti
707 332 754 370 ab
776 332 953 371 exulibus
973 333 1072 371 duce
1092 331 1275 383 Pelopida
1294 339 1389 371 sunt
1403 333 1526 372 inter-

99 386 203 426 fecti.
252 386 404 433 Quibus
424 388 542 427 rebus
563 388 771 434 confectis,
802 388 916 439 vulgo
942 389 988 426 ad
1009 400 1115 427 arma
1136 388 1435 440 libertatemque
1456 402 1525 428 vo-

99 450 200 489 cato,
226 456 308 483 non
329 445 456 483 solum
478 444 544 495 qui
564 443 604 482 in
627 444 723 482 urbe
756 451 889 492 erant,
925 445 991 484 sed
1023 445 1137 483 etiam
1159 445 1333 496 undique
1355 458 1401 484 ex
1421 447 1524 497 agris

95 507 400 546 concurrerunt,
420 500 656 552 praesidium
676 500 1074 540 Lacedaemoniorum
1096 514 1143 541 ex
1163 514 1252 541 arce
1272 502 1523 553 pepulerunt,

96 558 262 608 patriam
283 557 487 597 obsidione
505 556 736 603 liberarunt,
756 563 937 597 auctores
953 558 1140 598 Cadmeae
1161 559 1410 610 occupandae
1430 572 1522 612 par·

96 614 166 652 tim
189 614 429 660 occiderunt,
448 613 589 665 partim
611 613 651 652 in
673 614 831 653 exilium
851 614 1065 654 eiecerunt.

210 671 293 710 Hoc
320 676 400 709 tam
420 670 576 709 turbido
605 677 802 722 tempore,
832 671 933 710 sicut
959 685 1077 724 supra
1105 672 1330 720 docuimus,
1358 671 1517 724 Epami-

96 727 269 774 nondas,
305 727 434 778 quoad
463 740 553 766 cum
574 727 722 767 civibus
748 728 973 767 dimicatum
996 737 1072 777 est,
1108 729 1213 768 domi
1249 729 1404 780 quietus
1433 729 1518 768 fuit.

91 783 228 834 Itaque
247 783 343 822 haec
372 783 623 824 liberatarum
652 784 874 824 Thebarum
902 786 1061 837 propria
1089 786 1172 825 laus
1202 792 1261 825 est
1288 785 1518 837 Pelopidae3

90 846 245 879 ceterae
273 841 355 880 fere
391 853 622 880 communes
652 853 742 880 cum
771 841 1056 893 Epaminonda.
1106 843 1282 894 Namque
1311 842 1517 882 Leuctrica

89 909 224 948 pugna
240 897 476 949 imperatore
492 898 765 949 Epaminonda
784 898 848 937 hic
869 899 942 937 fuit
962 900 1040 938 dux
1057 899 1228 938 delectae
1243 912 1396 947 manus,
1419 912 1516 950 quae

89 953 215 1004 prima
236 954 469 1006 phalangem
492 955 701 1006 prostravit
719 955 933 994 Laconum.
975 956 1169 996 Omnibus
1188 962 1391 1007 praeterea
1412 956 1516 1007 peri-

88 1010 189 1050 culis
209 1011 319 1050 affuit
339 1012 455 1060 (sicut
476 1011 656 1063 Spartam
676 1024 766 1050 cum
797 1013 1059 1064 oppugnavit,
1090 1013 1256 1052 alterum
1280 1013 1407 1052 tenuit
1426 1025 1515 1051 cor-

131 1102 226 1133 sieut
258 1105 336 1134 erat
363 1103 524 1143 signata,
559 1102 622 1133 sub
648 1100 766 1144 pulvi-

87 1156 172 1178 num
196 1148 372 1179 subiciens
396 1147 461 1179 wie
478 1146 512 1179 b.
530 1146 600 1180 Afr.
620 1149 651 1186 4,
669 1149 688 1179 4
708 1146 765 1178 [ἰε-

86 1194 182 1223 ter-as
194 1193 352 1225 nondum
363 1192 546 1234 perlectas,
557 1194 650 1224 sicat
663 1196 767 1224 erant

83 1239 250 1279 signatae
263 1263 273 1279 7
311 1238 374 1270 dat
413 1239 549 1270 homiui
580 1240 676 1270 certo
719 1238 766 1270 ad

85 1282 289 1325 Scipionem
317 1283 562 1325 perferendas.
610 1283 676 1316 Cic.
710 1282 763 1316 ΒΓ.

90 1331 143 1369 14,
167 1331 211 1362 56
237 1332 275 1361 al
299 1333 376 1361 erac
401 1328 503 1361 laena
528 1330 688 1370 amictus,
714 1331 765 1360 ita

91 1375 185 1406 venit
200 1376 238 1406 in
256 1376 468 1407 contionem.
504 1372 599 1406 Ovid.
616 1373 696 1407 Met.
713 1373 766 1406 Vl.

88 1420 166 1453 244.
192 1419 281 1453 Curt.
306 1419 346 1452 X.
372 1424 404 1456 4,
431 1421 460 1453 ’2.
487 1418 579 1452 Suet⁴
599 1419 685 1462 Aug.
713 1421 765 1453 78.

87 1463 204 1499 Claud.
234 1467 265 1498 9.
299 1467 353 1499 34.
385 1465 462 1499 oth.
488 1467 518 1497 8.
565 1466 656 1497 Aber
680 1465 767 1498 auch

88 1520 168 1542 cum
193 1513 237 1542 iis
260 1511 410 1545 litteras.
441 1513 536 1543 sicat
569 1514 690 1553 erant,
720 1513 767 1542 si-

83 1558 206 1597 gnatis
218 1556 289 1590 Liv.
299 1556 428 1589 XXVII.
440 1559 493 1595 23,
507 1558 542 1594 4;
563 1566 664 1598 quem
678 1558 765 1588 ami-

88 1603 132 1642 εἰ,
155 1604 250 1633 sicut
273 1605 360 1644 erat,
386 1605 547 1643 togatum
572 1605 605 1633 et
629 1602 763 1634 calcea-

86 1649 162 1678 tum
195 1651 339 1689 corpor-i
368 1649 530 1689 coniugis
565 1649 766 1680 ianaeet’unt

85 1691 161 1726 Val.
186 1691 273 1725 Max.
297 1692 352 1726 lV.
387 1697 418 1733 ϋ,
453 1695 490 1729 3;
526 1695 620 1725 sicut
649 1697 762 1734 eraut,

83 1737 254 1770 loric-atos
271 1738 318 1770 ad
333 1738 620 1771 discumbendum
634 1738 764 1770 adhor-

85 1786 179 1816 tatus
204 1788 254 1815 est
278 1782 371 1817 Suet.
397 1784 465 1817 Cal.
491 1786 545 1816 45.

127 1840 268 1861 severus
281 1829 388 1862 heisst
401 1824 609 1871 eigentlich
614 1824 759 1870 stre11g⁷;

81 1855 762 1909 ernsthaft'vonSac11enserizzs.D0eh

82 1925 159 1962 sagt
185 1920 270 1953 auch
295 1920 362 1953 Cic.
389 1920 430 1953 de
448 1920 514 1953 div.
532 1919 567 1952 lI.
589 1922 640 1959 10,
655 1921 696 1952 25
722 1921 760 1951 in

80 1967 185 1998 rebus
209 1969 280 1998 tam
295 1967 426 1998 severis
448 1976 521 1997 non
547 1968 598 1997 est
616 1965 761 1997 iocandi

82 2011 190 2052 locus,
207 2011 248 2044 de
266 2010 321 2044 off.
340 2011 361 2044 1.
381 2014 435 2049 40,
452 2013 516 2044 144
528 2013 566 2042 iu
583 2022 622 2042 re
637 2021 760 2042 sever-a

80 2059 244 2089 convivi«)
270 2057 381 2098 digna
406 2060 468 2089 aut
485 2056 677 2088 delicatum
694 2057 760 2088 ali—

80 2112 183 2144 quem
197 2101 332 2141 inferre
339 2112 545 2143 sermonem,
559 2102 600 2134 ad
608 2100 758 2136 salel.

86 2151 95 2179 l
108 2151 136 2188 1,
150 2149 169 2181 3
184 2148 226 2180 de
239 2159 278 2179 re
287 2150 507 2180 saum-issima
522 2151 634 2179 tecum
648 2149 759 2180 iocor.

78 2192 193 2231 Quint.
209 2192 261 2225 VI.
277 2194 308 2234 3,
326 2196 366 2227 37
380 2195 412 2225 si
420 2195 700 2235 gravius-posita
711 2195 759 2224 sit
798 2221 803 2227 .

80 2240 344 2280 (vituperatio),
359 2249 480 2270 severa
505 2241 566 2279 est,
589 2240 620 2270 si
637 2238 757 2280 levius,

76 2284 246 2326 ridicula,
268 2286 328 2317 102
346 2284 519 2326 quaedam
536 2294 608 2315 non
623 2284 758 2316 ridicu-

78 2329 133 2371 la,
162 2330 223 2362 sed
247 2330 391 2362 cullibet
414 2331 652 2361 severissimae
677 2339 758 2361 ora-

77 2377 171 2407 tioni
196 2377 452 2408 convenientia.
508 2374 618 2407 Plaut.
651 2373 754 2408 Poen.

77 2419 118 2453 V.
137 2423 169 2461 3,
186 2422 228 2454 50
245 2421 342 2463 quod
360 2431 424 2463 ego
451 2420 532 2453 dixi
547 2430 612 2462 per
628 2421 755 2461 iocum,

76 2465 121 2498 Id
142 2469 350 2499 eventurum
375 2478 446 2498 esse
480 2469 513 2498 et
540 2476 698 2497 severum
723 2468 757 2498 el

74 2513 216 2544 serium.

123 2560 153 2591 3.
179 2556 274 2590 Nach
289 2556 373 2590 Xen.
398 2556 481 2590 Hell.
502 2555 539 2589 V.
558 2559 589 2598 4,
607 2558 626 2589 5
645 2556 755 2590 todte-

832 1106 890 1134 ten
916 1100 969 1134 die
994 1101 1211 1134 Verbannten
1243 1105 1341 1135 unter
1370 1100 1517 1135 Mellons

832 1146 993 1189 Fiihrung
1013 1151 1081 1179 erst
1106 1146 1159 1179 die
1178 1147 1266 1179 beim
1286 1147 1432 1180 Bankett
1457 1158 1515 1180 an-

833 1193 1016 1225 wesenden
1048 1191 1290 1225 Polemarchen
1324 1193 1393 1225 und
1425 1193 1512 1225 danu

834 1237 1010 1281 Phyllidas
1028 1238 1089 1270 mit
1106 1238 1220 1270 dreIen
1237 1249 1304 1271 von
1322 1238 1424 1271 ihnen
1447 1238 1512 1270 den

833 1284 1035 1316 Leontiades
1066 1283 1138 1323 (der
1173 1283 1237 1316 den
1271 1283 1443 1316 Phobidas
1478 1283 1512 1316 in

834 1328 888 1362 die
913 1329 1004 1372 Burg
1029 1329 1164 1371 gefnhrt
1189 1329 1295 1369 hatte)
1326 1329 1360 1361 in
1386 1329 1513 1362 seinem

836 1374 962 1411 Hause:
988 1375 1073 1407 nach
1099 1374 1187 1407 Plut.
1214 1373 1283 1407 Pel.
1315 1377 1349 1407 11
1379 1375 1446 1407 und
1472 1374 1513 1407 de

834 1430 910 1462 gen.
937 1419 1028 1453 Socr.
1055 1422 1121 1452 596
1139 1420 1162 1452 C
1189 1423 1343 1452 trennten
1366 1420 1415 1452 sie
1440 1420 1511 1452 sich

835 1466 945 1507 gleich
970 1476 1011 1498 zu
1036 1465 1189 1507 Anfang,
1214 1465 1267 1498 ein
1293 1464 1391 1497 Theil
1414 1469 1514 1498 unter

834 1510 961 1544 Mellon
1000 1511 1131 1544 tbdtete
1157 1511 1227 1552 die,
1259 1510 1391 1543 welche
1421 1511 1511 1543 heim

832 1556 981 1589 Bankett
1008 1566 1139 1595 waren,
1173 1555 1231 1589 der
1261 1555 1385 1589 andere
1413 1561 1512 1589 unter

834 1602 1014 1645 Pelopidas
1039 1601 1103 1634 den
1124 1601 1325 1634 Leontiades
1351 1601 1418 1635 und
1442 1601 1512 1646 Hy-

830 1653 929 1691 pates
953 1658 995 1680 zu
1020 1647 1140 1680 Hause.

875 1694 909 1727 4.
940 1697 966 1727 1.
991 1704 1112 1735 supra.
1158 1692 1218 1736 Ep.

877 1740 962 1771 haee
975 1739 1208 1771 liberatarum
1218 1737 1416 1770 Thebarum
1427 1749 1510 1778 pro-

827 1786 911 1826 pria
929 1785 1006 1816 laus
1025 1787 1075 1816 est
1091 1784 1290 1825 Pelopidae.
1322 1783 1383 1816 Die
1397 1783 1511 1816 Wort-

831 1829 980 1871 stellung
996 1829 1158 1871 verlangt.
1173 1831 1322 1871 propria
1341 1829 1419 1860 laus
1435 1839 1510 1861 ver-

829 1875 965 1907 bunden
990 1874 1041 1907 als
1067 1873 1224 1906 Pr'adicat
1247 1884 1289 1906 zu
1314 1874 1443 1914 sassen,
1470 1884 1508 1907 so

829 1921 907 1953 dass
932 1920 1121 1960 Pelopidae
1144 1930 1211 1952 von
1237 1919 1316 1951 laus
1348 1919 1508 1961 abhangt,

830 1965 897 1998 und
931 1976 972 1998 zu
1003 1967 1089 1997 haec
1123 1964 1250 1998 wieder
1285 1965 1361 1996 lans
1392 1975 1434 1997 zu
1459 1974 1510 1997 er-

829 2013 970 2053 ganzen,
995 2011 1116 2043 anders
1141 2011 1190 2043 als
1208 2009 1325 2043 'rm-as.
1350 2012 1376 2050 l,
1403 2012 1434 2049 5,
1451 2019 1507 2043 wo

829 2056 887 2089 der
911 2055 1090 2089 Ausdruck
1115 2061 1210 2088 sonst
1235 2054 1370 2088 ahnlich
1394 2055 1448 2089 ist.

874 2104 903 2135 2.
930 2102 1085 2134 delectae
1107 2112 1245 2142 manu-5,
1270 2100 1329 2133 des
1355 2100 1506 2134 bekann-

828 2152 885 2180 teu
910 2145 1001 2191 ἱερὸς
1024 2144 1133 2187 λόχος.
1177 2147 1279 2179 (itote
1304 2146 1506 2179 Geschichte

826 2193 1091 2226 Griechenlands
1129 2191 1168 2226 V.
1203 2194 1268 2226 403
1299 2192 1329 2225 d.
1367 2191 1506 2226 Uebers.

826 2238 994 2271 Hermann
1008 2237 1062 2271 Gr.
1077 2237 1329 2271 Staatsalterth.
1345 2238 1365 2280 ξ
1392 2239 1505 2278 181‚2.

873 2287 903 2318 3.
953 2284 1121 2326 Spartam
1157 2294 1236 2315 cum
1272 2284 1505 2325 oppugnavit.

827 2329 878 2363 01.
916 2331 999 2367 102.
1034 2330 1167 2362 3=370
1199 2339 1240 2361 zu
1271 2327 1375 2362 Ende.
1427 2327 1504 2371 Vgl.

825 2385 866 2407 zu
891 2375 950 2417 Ep.
971 2376 1001 2411 8.
1019 2376 1048 2407 2.
1097 2373 1182 2407 Dass
1207 2373 1388 2416 Pelopidas
1406 2379 1505 2407 unter

825 2420 890 2452 den
909 2420 1090 2453 Feldherrn
1116 2429 1196 2459 war,
1222 2419 1348 2451 wissen
1375 2418 1438 2451 wir
1462 2422 1502 2459 (s.

824 2476 866 2497 zu
884 2465 943 2508 Ep.
963 2468 994 2503 7,
1013 2468 1063 2504 3);
1082 2464 1160 2497 dass
1177 2475 1213 2497 er
1229 2464 1310 2496 aber
1326 2463 1390 2497 den
1403 2463 1503 2497 einen

824 2510 943 2553 Fh'igel
954 2510 1076 2549 suhrte,
1093 2510 1258 2542 bericbtet
1266 2509 1381 2552 Nepos
1390 2509 1501 2544 allein.

824 2555 883 2589 Bei
918 2557 1139 2599 oppugnavit
1172 2555 1216 2588 ist
1250 2555 1394 2588 iiberaus
1430 2556 1504 2588 hart

1251 1694 1299 1733 10,
1325 1695 1357 1726 3.

1551 285 1569 316 3
