1780 2877
679 121 848 156 EXCURS
875 122 896 157 Ι.
922 123 958 158 11.
1453 125 1532 165 237

100 245 176 268 cum
203 236 380 277 cuiquam,
405 237 654 278 maaeimaeque
675 237 847 279 invidiae,
873 238 970 279 quod
992 237 1104 270 Pilius
1129 238 1317 281 legeretur,
1347 242 1535 276 rectissime

100 290 160 313 sua
187 283 221 313 et
245 280 387 313 aliorum
414 280 608 314 coniectura
635 281 828 315 emendavit
854 286 887 315 et
914 283 1096 326 explicavit
1117 282 1309 326 Madvigius
1335 286 1375 318 ad
1402 287 1468 320 Cic.
1495 287 1535 322 de

101 324 159 359 fin.
185 336 217 368 p.
237 327 313 359 820.
362 326 404 359 Et
431 326 572 359 eandem
598 327 764 360 rationem
790 327 932 360 forsitan
959 328 1118 361 adhibere
1143 328 1245 362 liceat
1273 329 1424 364 Sallustii
1450 333 1535 366 locis

98 370 168 413 lug.
190 372 245 412 79,
263 373 284 405 4
308 372 499 414 Postquam
522 374 703 414 utrimque
728 372 893 414 legiones,
919 374 1002 405 item
1028 373 1154 406 classes
1177 385 1280 417 saepe
1303 374 1407 414 fusae
1429 378 1537 419 fuga-

99 419 226 458 taeque
251 419 285 448 et
309 417 415 450 alteri
439 417 572 450 alteros
596 417 823 459 aliquantum
849 419 1078 461 attriverant,
1104 430 1171 462 per
1194 420 1355 453 indutias
1377 425 1537 464 sponsio-

97 472 178 494 nem
194 460 358 503 faciunt;
383 464 437 505 97,
455 466 468 496 1
490 463 677 505 Iugurtha,
699 466 891 505 postquam
910 464 1078 506 oppidum
1098 464 1246 508 Capsam
1265 466 1425 510 aliosque
1443 468 1537 501 locos

98 509 256 540 munitos
274 511 307 540 et
323 510 391 541 sibi
407 509 523 550 utiles,
535 508 644 540 simul
658 510 692 539 et
707 518 877 550 magnam
891 512 1080 551 pecuniam
1099 513 1278 554 amiserat,
1296 513 1345 544 ad
1357 513 1536 546 Bocchum

97 555 246 585 nuntios
269 555 401 593 unitim
435 554 585 596 itemque
609 553 749 586 Liviano
775 553 919 589 XXXIII.
946 556 977 596 3,
1007 558 1019 588 1
1048 556 1233 599 Philippus
1258 568 1397 601 quoque
1415 561 1537 602 primo

97 609 196 641 vere,
216 602 409 643 postquam
435 599 547 641 legati
571 600 614 631 ab
639 597 750 631 Roma
774 600 868 632 nihil
885 603 1013 643 pacati
1036 602 1252 645 retulerant,
1283 603 1449 637 dilectum
1472 616 1537 648 per

99 646 218 677 omnia
255 645 384 687 oppida
418 648 524 686 regni
555 645 685 676 habere
710 646 878 678 instituit.
928 645 1053 679 Verum
1083 652 1217 691 praeter
1242 649 1329 683 tales
1353 649 1469 693 locos,
1502 650 1537 684 in

98 689 223 732 quibus
240 690 413 732 legitimus
431 693 483 723 est
501 689 828 733 plusquamperfecti
846 702 940 733 usus,
958 702 1025 725 non
1043 692 1176 735 desunt,
1193 694 1263 727 ubi
1281 695 1380 738 plus
1392 706 1538 739 quam-

98 735 344 778 perfectum
375 735 416 768 in
450 735 714 768 narratione
740 736 789 769 de
815 737 1006 780 simplici
1032 739 1210 773 actione
1241 740 1388 774 eodem
1413 741 1536 775 modo

98 783 229 824 atque
261 780 510 824 legitimum
547 780 794 824 perfectum
838 783 1029 826 ponitur.
1079 783 1154 818 Ter.
1179 785 1283 820 Andr.
1308 786 1331 819 I.
1357 788 1389 829 2,
1415 789 1434 822 6
1469 787 1539 829 Qui

91 829 281 869 postquam
315 827 483 859 audierat
514 837 585 859 non
617 827 739 859 datum
768 830 819 860 iri
841 829 920 869 filio
944 840 1094 862 uxcorem
1119 841 1201 872 suo,
1233 831 1438 874 Numquam
1465 836 1539 866 eui-

97 881 204 914 quam
235 875 398 905 nostrum
432 873 575 904 verbum
606 871 695 911 fecit
726 884 839 916 neque
870 875 910 907 id
938 885 1044 917 aegre
1071 876 1154 908 tulit
1163 889 1176 917 ;
1208 876 1342 911 Phorm.
1369 877 1409 912 V.
1438 880 1468 920 8,
1497 880 1535 912 15

96 915 190 950 Nam
216 928 335 950 omnes
354 919 551 961 posthabui
573 918 663 949 milti
679 929 746 960 res,
770 921 824 951 ita
840 921 897 951 uti
910 931 980 963 par
995 921 1080 963 fuit,
1105 923 1297 964 Postquam
1316 927 1414 956 tanto
1433 935 1539 966 opere

96 963 137 995 id
159 973 220 995 vos
243 963 331 996 velle
357 965 514 996 animum
540 963 787 1004 adverteram,·
813 964 879 998 Cic.
907 966 949 998 ad
974 966 1168 1009 Att.ll.12,
1184 971 1203 1001 4
1228 968 1386 1002 Litteras
1410 971 1539 1012 scripsi

97 1009 187 1041 hora
211 1009 347 1041 decima
374 1009 582 1050 Cerialibus,
606 1011 725 1041 statim
750 1013 793 1042 ut
816 1013 899 1043 tuas
924 1012 1102 1054 legeram;
1127 1011 1208 1047 Sall.
1228 1013 1298 1056 lug.
1321 1016 1372 1056 11,
1399 1017 1417 1048 2
1442 1016 1538 1048 Post-

97 1065 203 1097 quam
227 1054 285 1087 illi
307 1065 406 1087 more
429 1056 530 1097 regio
555 1056 652 1086 iusta
678 1055 870 1097 magnifice
888 1055 1067 1100 ifecerant,
1093 1059 1213 1098 reguli
1231 1061 1265 1091 in
1287 1070 1397 1092 unum
1415 1071 1539 1092 conve-

95 1102 238 1133 nerunt.
277 1098 407 1139 Quibus
425 1099 631 1142 adiungendi
650 1104 728 1134 sunt
755 1101 832 1135 duo
855 1101 1048 1145 Nepotis
1073 1103 1163 1137 loci
1188 1104 1287 1138 initio
1306 1105 1406 1138 huius
1423 1105 1538 1149 dispu-

95 1145 236 1178 tationis
269 1156 287 1178 a
319 1145 418 1179 nobis
454 1145 639 1189 propositi;
673 1156 804 1189 neque,
837 1148 902 1181 etsi
935 1148 968 1181 in
994 1160 1062 1182 uno
1089 1152 1121 1182 et
1147 1150 1254 1183 altero
1281 1151 1324 1184 ol]
1350 1151 1538 1194 proclivem

94 1190 307 1224 librariorum
334 1201 479 1225 errorem
505 1202 572 1224 non
598 1191 680 1224 satis
706 1196 797 1225 certa
822 1193 995 1227 videbitur
1019 1195 1196 1238 scriptura,
1222 1199 1360 1239 propter
1384 1197 1537 1240 reliquos

98 1235 295 1278 (firmissimi
323 1236 412 1269 enim
437 1240 517 1270 sunt
536 1236 733 1270 Terentiani
759 1242 791 1271 et
819 1238 1073 1281 Ciceronianus)
1099 1240 1141 1273 ab
1160 1241 1365 1284 optimorum
1383 1242 1538 1276 codicum

98 1282 300 1315 auctoritate
325 1281 500 1316 discedere
526 1282 616 1315 licet.

744 1354 752 1361 ‘
772 1363 858 1413 115⁸)

210 1452 328 1486 Thras.
353 1455 412 1494 1‚2
438 1462 595 1495 magnam
621 1453 844 1487 offensionem
872 1455 1044 1493 habebant
1070 1456 1152 1488 haec
1177 1456 1299 1490 verba:
1326 1456 1419 1489 Nam
1445 1458 1541 1500 quod

94 1498 201 1531 multi
224 1498 416 1531 voluerunt
437 1501 616 1542 paucique
637 1502 838 1542 potuerunt
862 1502 905 1532 ab
930 1511 1001 1533 uno
1025 1505 1183 1545 tyranno
1195 1504 1357 1545 patriam
1376 1503 1540 1545 liberare,

98 1545 181 1577 huic
206 1546 371 1586 contigit,
398 1547 437 1577 ut
461 1556 482 1577 a
508 1554 594 1579 XXX
617 1555 820 1588 oppressam
846 1549 1014 1589 tyrannis
1040 1559 1057 1579 e
1079 1550 1251 1580 servitute
1275 1550 1311 1580 in
1343 1548 1540 1582 libertatem

96 1589 308 1623 vindicaret.
348 1589 408 1623 Hic
426 1589 656 1633 Heusingerus
674 1591 770 1633 quod
786 1591 987 1634 particulam
1005 1603 1080 1626 esse
1106 1593 1279 1627 iudicavit.
1321 1593 1446 1628 Verum
1467 1595 1541 1628 ubi-

96 1645 243 1678 cumque
269 1635 456 1669 euntiatum
485 1636 670 1679 particulae
697 1637 793 1679 quod
816 1637 1013 1671 adiunctum
1039 1639 1086 1672 ita
1112 1639 1358 1682 praemittitur,
1384 1644 1421 1673 ut
1447 1640 1541 1674 dein-

96 1690 178 1724 ceps
201 1679 243 1714 de
269 1691 303 1714 re
327 1681 388 1714 illo
414 1681 591 1715 enuntiato
616 1682 723 1715 relata
749 1682 878 1726 aliquid
903 1683 1052 1726 dicatur,
1086 1684 1173 1718 hanc
1198 1695 1269 1718 rem
1293 1685 1340 1718 ita
1367 1696 1540 1729 compara-

96 1730 166 1759 tam
192 1736 269 1760 esse
294 1736 434 1760 necesse
460 1731 524 1768 est,
549 1731 586 1760 ut
613 1737 714 1760 causa
739 1727 780 1760 de
807 1738 846 1761 ea
864 1728 999 1762 dicendi
1017 1730 1136 1764 fuerit:
1163 1731 1262 1764 aliter
1279 1731 1368 1764 enim
1386 1731 1542 1774 ineptum

96 1775 169 1805 erat
194 1771 234 1805 de
261 1782 300 1805 ea
324 1782 359 1805 re
385 1772 462 1806 dici.
504 1773 622 1817 ltaque
648 1773 750 1815 longe
774 1773 929 1816 plurimis
954 1774 1039 1808 locis
1063 1775 1124 1809 illo
1150 1777 1327 1810 enuntiato
1352 1777 1539 1820 particulae

96 1817 193 1860 quod
216 1817 376 1851 adiuncto
400 1818 555 1861 refertur,
582 1819 663 1862 quid
690 1818 813 1862 aliquis
838 1819 983 1853 senserit
1008 1823 1066 1854 aut
1091 1821 1224 1863 dixerit,
1249 1822 1325 1855 aliis
1351 1833 1411 1865 per
1437 1833 1472 1856 se
1491 1823 1542 1856 in-

95 1863 273 1905 tellegitur
296 1873 366 1897 rem
393 1864 434 1897 ab
461 1864 576 1908 aliquo
602 1873 678 1897 esse
703 1864 882 1907 prolatam,
908 1865 982 1898 aliis
1009 1865 1155 1909 denique
1180 1867 1254 1910 ipse
1279 1867 1426 1910 scriptor
1451 1878 1542 1901 com-

94 1913 272 1951 memorat,
299 1909 390 1953 quod
416 1909 516 1944 alicui
542 1910 575 1943 in
600 1914 748 1943 mentem
774 1911 889 1944 venire
911 1921 1013 1953 posse
1032 1915 1128 1955 putet
1147 1911 1324 1954 eiusmodi,
1350 1915 1388 1946 ut
1405 1912 1448 1946 ad
1466 1923 1541 1947 eam

94 1964 167 1988 rem
191 1954 465 1997 respondendum
492 1956 546 1989 sit.
594 1955 663 1988 Iam
688 1955 729 1989 de
754 1955 817 1989 hac
842 1967 877 1990 re
905 1956 1012 1990 altero
1039 1958 1226 1999 enuntiato,
1253 1957 1345 2001 quod
1362 1958 1542 2003 subsequi-

97 2004 161 2042 tur,
187 2002 244 2033 aut
268 2000 430 2034 iudicium
457 2001 628 2045 quoddam
646 2001 764 2043 fertur,
788 2006 837 2043 ut,
865 2002 947 2045 quid
964 2003 1003 2045 is,
1030 2003 1087 2046 qui
1105 2003 1268 2046 loquitur,
1295 2002 1336 2036 de
1355 2013 1393 2036 ea
1410 2014 1446 2037 re
1466 2014 1542 2038 sen-

96 2045 177 2087 tiat,
209 2045 436 2089 significetur,
470 2052 544 2089 aut,
576 2047 603 2080 si
638 2047 784 2080 dubitari
810 2047 851 2080 de
877 2047 991 2091 aliqua
1016 2059 1051 2082 re
1078 2053 1136 2082 aut
1162 2049 1277 2092 quaeri
1303 2049 1432 2092 aliquid
1458 2050 1543 2084 rela-

96 2094 169 2124 tum
186 2095 250 2133 est,
274 2092 446 2135 quomodo
465 2103 503 2126 ea
521 2102 575 2126 res
593 2103 629 2126 se
647 2092 782 2134 habeat,
811 2094 1002 2137 exponitur.
1043 2094 1205 2128 Iudicium
1224 2099 1337 2128 autem
1354 2098 1412 2128 aut
1429 2096 1542 2138 ipsum

96 2135 236 2180 ponitur
260 2141 318 2170 aut
341 2148 376 2171 re
402 2138 526 2182 aliqua,
552 2148 593 2171 ex
619 2149 686 2182 qua
703 2138 858 2182 intellegi
876 2139 998 2183 possit,
1023 2139 1244 2183 significatur.
1288 2139 1543 2183 Simplicis-

97 2181 206 2215 sima
231 2185 273 2215 et
296 2183 503 2225 primaria
529 2184 670 2218 forma
696 2184 823 2218 huius
842 2186 1188 2229 compositionis
1209 2192 1294 2228 est,
1322 2196 1412 2219 cum
1431 2188 1544 2230 quod

97 2227 318 2271 particula
344 2228 394 2262 ad
419 2232 586 2263 certum
612 2229 830 2273 quoddam
862 2231 1145 2274 vocabulum,
1178 2232 1356 2265 maxime
1383 2243 1542 2276 prono-

96 2283 189 2306 men
214 2273 631 2314 demonstrativum‚
656 2275 726 2308 vel
752 2276 929 2310 verbum
957 2278 1234 2321 subsequens
1260 2278 1476 2321 pertinet,
1507 2278 1543 2312 in

98 2329 165 2362 qua
190 2318 275 2352 nihil
300 2324 351 2352 est
377 2320 559 2362 peculiare,
585 2320 650 2354 nisi
676 2321 768 2364 quod
791 2321 948 2356 inversus
976 2326 1028 2357 est
1055 2324 1309 2357 enuntiatorum
1327 2323 1421 2363 ordo,
1447 2323 1542 2358 velut

98 2364 189 2408 apud
205 2364 235 2398 N
246 2374 264 2397 e
274 2376 306 2408 p.
321 2364 346 2397 E
357 2375 390 2408 p.
405 2368 436 2407 5,
453 2367 472 2399 6
491 2366 595 2407 Quod
609 2369 727 2399 autem
751 2378 804 2400 me
819 2369 1121 2410 Agamemnonem
1140 2369 1319 2402 aemulari
1332 2372 1449 2412 putas,
1473 2369 1543 2408 fal-

99 2410 184 2443 leris
207 2410 262 2444 vel
288 2410 378 2454 apud
396 2410 470 2445 Ter.
490 2411 551 2445 Ad.
572 2411 611 2446 Y.
630 2414 660 2454 9,
679 2414 721 2446 29
750 2413 794 2448 Ut
819 2414 857 2446 id
880 2415 1111 2457 ostenderem,
1137 2415 1233 2457 quod
1258 2418 1289 2447 te
1315 2417 1377 2447 isti
1398 2415 1542 2454 facilem

99 2459 133 2488 et
155 2455 325 2495 festivum
347 2460 489 2500 putant,
516 2458 554 2490 id
575 2468 648 2490 non
673 2458 755 2499 fieri
779 2470 824 2492 eoe
849 2471 932 2492 vera
961 2463 1030 2493 vita
1056 2471 1168 2503 neque
1193 2460 1280 2493 adeo
1307 2472 1352 2493 eoe
1377 2471 1488 2503 aequo
1509 2464 1543 2494 et

99 2502 188 2534 bono
207 2505 264 2535 aut
283 2502 378 2537 Caes.
397 2502 429 2537 b.
449 2502 486 2536 G.
506 2502 527 2537 I.
551 2505 601 2545 13,
621 2506 639 2537 5
660 2504 763 2545 Quod
779 2507 972 2549 improviso
991 2517 1100 2539 unum
1113 2517 1249 2549 pagum
1269 2506 1417 2540 adortus
1443 2510 1540 2550 esset,

214 2604 246 2645 *)
272 2603 389 2649 Spicil.
416 2605 451 2640 11.
479 2607 510 2648 2,
537 2608 657 2641 3—15.
