1780 2877
607 99 673 133 Xll.
699 99 922 134 CHABRIAS.
957 104 988 135 4.
1462 101 1515 142 99

86 215 295 266 liberisque
325 214 556 263 civitatibus,
588 221 630 254 ut
658 215 799 254 invidia
829 216 974 267 gloriae
1003 227 1134 255 comes
1154 216 1204 254 sit
1225 223 1262 255 et
1282 218 1449 257 libenter
1469 220 1514 259 de

86 273 131 312 iis
159 271 382 319 detrahant,
413 284 512 322 quos
543 272 717 310 eminere
747 272 901 311 videant
919 272 1055 321 altius;
1086 284 1215 323 neque
1236 273 1366 312 aninlo
1388 287 1512 326 aequo

85 340 277 381 pauperes
306 328 471 367 alienam
503 328 749 380 opulentium
776 328 986 367 intuuntur
1007 330 1216 367 fortunam.
1258 330 1393 382 Itaque
1416 330 1513 370 Cha-

85 386 200 432 brias,
222 397 299 436 quo
317 385 351 424 ei
368 385 519 432 licebat,
541 384 754 436 plurimum
771 384 915 423 aberat.
956 385 1091 436 Neque
1107 398 1198 425 vero
1214 387 1321 426 solus
1341 387 1404 426 ille
1426 387 1516 427 abe-

85 448 144 482 rat
155 441 319 481 Athenis
334 442 513 488 libenter,
530 441 597 480 sed
615 452 752 480 omnes
768 442 847 480 sere
865 441 1068 492 principes
1084 443 1264 482 fecerunt
1280 444 1394 492 idem,
1414 445 1517 496 quod

86 505 238 539 tantum
253 511 294 538 se
310 498 356 537 ab
374 498 514 536 invidia
533 497 724 548 putabant
745 498 910 545 futuros,
933 504 1123 549 quantum
1146 513 1165 537 a
1187 507 1405 552 conspectu
1426 514 1518 541 suo-

84 568 171 596 rum
194 559 447 595 recesserant.
489 553 623 605 Itaque
646 553 782 593 Conon
805 555 1017 605 plurimum
1041 555 1157 608 Cypri
1178 557 1283 605 vixit,
1306 557 1519 609 Iphicrates

84 614 125 652 in
153 612 334 658 Threcia,
365 610 593 650 Timotheus
617 610 769 657 Lesbo,
801 611 942 651 Chares
965 612 1103 664 Sigeo;
1136 614 1332 653 dissimilis
1361 615 1517 666 quidem

87 670 229 709 Chares
249 669 390 707 horum
413 672 450 706 et
472 668 582 706 factis
604 673 642 707 et
662 667 857 717 moribus,
884 670 951 708 sed
974 674 1103 709 tamen
1127 671 1290 710 Athenis
1323 677 1361 710 et
1389 672 1517 711 hono—

86 732 190 765 ratus
212 731 249 763 et
271 729 424 775 potens.

197 780 381 821 Chabrias
397 786 527 820 autem
548 781 665 832 periit
685 781 787 820 bello
809 782 941 821 sociali
962 782 1028 821 tali
1049 784 1178 822 modo.
1222 784 1517 836 Oppugnabant
1540 785 1564 820 4

84 839 343 878 Athenienses
361 837 511 877 Chium.
553 838 646 877 Erat
662 838 701 877 in
725 839 845 878 classe
864 838 1047 879 Chabrias
1068 840 1255 891 privatus,
1279 842 1346 881 sed
1368 855 1517 889 omnes,

83 895 151 948 qui
166 895 206 935 in
229 895 457 946 magistratu
479 901 602 941 erant,
624 895 854 934 auctoritate
875 896 1060 944 anteibat,
1084 909 1252 948 eumque
1274 899 1396 950 magis
1417 899 1518 938 mili-

84 960 141 992 tes
158 964 288 1004 quani,
311 951 376 1002 qui
394 958 614 1003 praeerant,
636 952 890 1003 aspiciebant.
932 952 1040 998 Quae
1056 966 1119 992 res
1134 954 1168 992 ei
1186 955 1390 993 maturavit
1413 968 1517 994 mor-

84 1017 174 1049 tem.
215 1009 311 1048 Nam
329 1009 421 1047 dum
437 1009 588 1060 primus
610 1009 739 1048 studet
762 1014 921 1060 portum
962 1009 1108 1049 intrare
1132 1010 1518 1063 gubernatoremque

84 1066 191 1106 iubet
221 1079 266 1105 eo
298 1065 465 1117 dirigere
496 1078 652 1111 navem,
682 1065 765 1117 ipse
794 1065 869 1105 sibi
889 1066 1081 1117 perniciei
1101 1067 1186 1106 fuit.
1228 1068 1326 1106 Cum
1347 1069 1451 1108 enim
1474 1082 1519 1108 eo

83 1127 348 1174 penetrasset,
379 1127 530 1161 ceterae
561 1135 641 1161 non
671 1129 765 1161 sunt
793 1128 961 1162 secutae.
1004 1122 1091 1169 Quo
1123 1124 1225 1163 facto
1258 1124 1519 1166 circumfusus

82 1179 253 1219 bostium
270 1191 467 1218 concursu
484 1192 575 1218 cum
595 1179 805 1218 fortissime
826 1186 1034 1231 pugnaret,
1056 1181 1165 1220 navis
1182 1188 1312 1221 rostro
1334 1195 1519 1233 percussa

82 1236 213 1288 coepit
227 1236 365 1275 sidere.
409 1235 510 1274 Hinc
527 1237 707 1288 refugere
724 1249 814 1276 cum
833 1242 978 1288 posset,
1000 1237 1030 1276 si
1052 1249 1093 1276 se
1114 1237 1154 1276 iu
1175 1250 1282 1277 mare
1304 1239 1518 1287 deiecisset,

83 1294 187 1345 quod
203 1292 361 1332 suberat
376 1292 508 1332 classis
524 1293 835 1341 Atheniensium,
858 1305 956 1344 quae
973 1294 1171 1345 exciperet
1187 1296 1368 1343 natantis,
1390 1296 1518 1348 perire

82 1350 218 1390 maluit
228 1361 345 1401 quam
362 1349 479 1389 armis
497 1349 659 1389 abiectis
676 1357 813 1389 navem
829 1350 1064 1401 relinquere,
1080 1351 1120 1390 in
1139 1364 1214 1402 qua
1231 1352 1357 1391 fuerat
1373 1359 1517 1392 vectus.

82 1407 124 1446 Id
145 1406 265 1446 ceteri
285 1407 412 1446 facere
435 1407 669 1456 noluerunt;
696 1407 762 1458 qui
785 1407 915 1446 nando
937 1407 977 1445 in
1001 1413 1128 1447 tutum
1150 1415 1430 1460 pervenerunt.
1470 1412 1519 1449 At

83 1464 146 1503 ille
164 1470 361 1516 praestare
377 1463 582 1502 honestam
600 1469 768 1503 mortem
790 1463 1016 1504 existimans
1038 1465 1144 1516 turpi
1167 1465 1275 1514 vitae,
1298 1467 1518 1506 comminus

85 1533 267 1572 pugnans
286 1520 374 1559 telis
394 1521 568 1560 hostium
588 1521 820 1561 interfectus
841 1526 910 1560 est.

878 1631 916 1667 4.
943 1635 972 1667 1.
1008 1632 1059 1665 01.
1088 1635 1162 1674 105,
1187 1635 1332 1667 4=357.
1382 1634 1518 1668 Falsch-

85 1632 199 1674 Nepos
222 1632 255 1664 in
278 1631 387 1665 seiner
408 1632 668 1674 gewohnlichen
687 1632 766 1666 Par-

833 1678 901 1711 lich
919 1678 1086 1711 berichtet
1103 1678 1228 1712 Diodor
1245 1678 1343 1721 (XVI.
1362 1682 1413 1721 7),
1439 1680 1517 1714 dass

85 1677 275 1711 teilichkeit
299 1677 487 1719 gemildert.

128 1725 159 1757 3.
173 1723 328 1755 alienam
340 1722 569 1765 opulentiam.
584 1722 617 1756 S.
628 1734 670 1755 zu
680 1722 764 1756 Dion

128 1816 328 1846 intuuntur.
366 1812 444 1845 Dies
464 1812 612 1846 Verbum
634 1823 706 1846 war
721 1824 762 1847 zu

80 1859 141 1892 des
157 1859 273 1902 Nepos
296 1858 370 1891 Zeit
396 1858 448 1891 fiir
473 1858 526 1891 die
553 1862 634 1900 gute
660 1858 763 1892 Prosa

80 1904 234 1938 veraltet.
277 1903 309 1936 S.
329 1903 422 1937 Neue
441 1903 474 1938 L.
497 1904 529 1937 F.
547 1904 600 1938 112.
619 1905 684 1938 425
700 1904 723 1939 s.

125 1961 194 1993 quo
225 1951 257 1981 ei
288 1949 433 1991 licebat,
469 1951 612 1990 aberat,
649 1949 761 1982 indem

79 1997 197 2028 abesse
221 1994 296 2028 dem
315 1994 418 2027 Sinne
436 1995 521 2028 nach
547 1995 661 2037 gleich
685 1995 760 2028 dem

81 2040 271 2074 Perfectum
288 2051 355 2073 von
370 2042 468 2072 abire
486 2041 530 2073 ist
545 2040 628 2083 [vgl.
643 2041 762 2073 adesse

78 2088 117 2118 in
146 2090 306 2118 senatum
331 2085 398 2119 Cic.
423 2085 510 2120 Phil.
536 2085 575 2119 V.
602 2088 633 2127 7,
662 2088 702 2120 19
727 2098 759 2120 u.

80 2131 272 2172 abnliches,
305 2130 400 2164 Hand
428 2131 524 2164 Turs.
549 2131 600 2165 111.
627 2133 692 2165 344
714 2131 759 2173 ff,

79 2177 165 2210 auch
184 2176 243 2210 das
268 2177 479 2219 griechische
497 2179 667 2222 παρεῖναι
684 2177 757 2220 eis}

78 2221 208 2256 Sueton
248 2221 323 2256 Tib.
358 2223 400 2255 38
432 2225 687 2265 praeterquam
721 2225 759 2255 in

73 2270 280 2311 propinqua
306 2268 436 2310 oppida
457 2270 501 2309 et,
526 2279 605 2300 cum
630 2268 762 2310 longis-

76 2316 172 2356 sime,
194 2315 303 2347 Antio
330 2317 430 2345 tenus
453 2324 628 2355 nusquam
651 2314 758 2353 afuit.

122 2362 153 2394 4.
191 2361 233 2392 ab
267 2359 404 2391 invidia
438 2378 480 2382 ——
513 2358 659 2398 futuros
693 2360 758 2392 wie

77 2403 161 2438 Mitt.
187 2407 218 2445 4,
244 2406 274 2438 2.

122 2451 159 2482 in
195 2450 316 2493 gehort
346 2449 432 2482 auch
470 2460 511 2482 zu
543 2449 652 2482 Lesbo
690 2450 758 2483 und

78 2494 194 2537 Sigeo.
241 2495 318 2529 Dies
346 2495 393 2528 ist
419 2495 504 2528 hart.
556 2494 589 2528 S.
612 2505 653 2528 zu
675 2495 755 2529 Con.

78 2543 108 2577 5.
134 2542 153 2574 2
179 2540 260 2582 [und
285 2551 324 2574 zu
351 2542 418 2574 Att.
447 2543 478 2581 9,
506 2542 550 2581 51.

834 1723 994 1757 Chabrias
1035 1724 1194 1757 Feldherr
1233 1734 1415 1766 gewesen;
1456 1726 1517 1759 des

833 1768 948 1811 Nepos
959 1769 1150 1812 Erzahlung
1165 1770 1331 1813 bestatigt
1341 1770 1432 1804 Dem.
1444 1771 1514 1804 XX.

879 1861 941 1900 qni
962 1863 1157 1902 praeerant
1181 1859 1226 1892 ist
1252 1859 1382 1901 ObJect.
1421 1860 1455 1894 S.
1474 1872 1515 1895 zu

831 1903 916 1937 Dion
944 1906 974 1945 9,
1001 1907 1032 1937 5.

878 1951 1112 1992 [aspiciebant
1135 1949 1206 1985 will
1225 1949 1429 1993 Grasberger
1447 1951 1514 1985 Eos

830 1995 852 2028 1.
878 1997 945 2029 234
978 1995 1064 2028 nach
1096 1994 1182 2027 Dion
1211 1997 1239 2036 1,
1268 1998 1298 2029 5.
1334 1995 1397 2038 Ag.
1424 1999 1455 2038 4,
1481 1998 1512 2038 2,

830 2040 923 2074 wohl
956 2040 1018 2074 mit
1050 2039 1174 2082 Recht,
1207 2040 1241 2073 in
1271 2043 1513 2084 suspiciebant

830 2086 980 2126 andern]

875 2133 906 2165 2.
941 2135 1077 2164 ceterae
1101 2142 1172 2164 non
1196 2135 1281 2163 sant
1304 2136 1444 2164 secutae
1468 2133 1512 2166 ist

828 2188 866 2211 so
885 2180 1016 2220 gesagt,
1041 2177 1091 2210 als
1110 2187 1209 2210 wenn
1227 2187 1269 2209 zu
1290 2181 1511 2219 penetrasset

828 2223 887 2256 das
913 2222 1056 2264 Subject
1078 2225 1182 2255 navis
1207 2223 1316 2263 w‘are,
1349 2223 1509 2257 wahrend

827 2279 904 2301 man
930 2267 1016 2301 doch
1041 2268 1126 2301 nach
1160 2268 1235 2301 dem
1261 2268 1510 2311 vorhergehen-

827 2313 892 2347 den
909 2313 1103 2356 ipse—fuit
1119 2314 1169 2346 als
1184 2313 1319 2346 solches
1339 2314 1510 2347 Chabrias

827 2360 1015 2392 annelimen
1026 2369 1128 2392 muss.
1155 2358 1318 2392 Desshalb
1335 2359 1426 2392 hatte
1437 2360 1508 2393 hier

825 2415 932 2437 naves
945 2404 1169 2447 hinzugeffigt
1179 2404 1314 2437 werden
1328 2405 1447 2439 sollen.
1472 2405 1507 2439 S.

825 2461 867 2483 zu
885 2449 1002 2482 Them.
1018 2452 1049 2490 6.
1066 2452 1097 2483 4.

872 2498 901 2529 3.
926 2498 1111 2538 praestare
1128 2497 1228 2537 turpi
1246 2496 1348 2527 ritae.
1371 2495 1505 2529 Ebenso

827 2542 886 2584 Ag.
914 2544 951 2576 3.
983 2543 1001 2575 3
1034 2540 1102 2573 und
1132 2543 1310 2572 antestare
1335 2540 1390 2574 Ar.
1420 2544 1447 2583 l,
1473 2544 1503 2575 2.

1187 2597 1233 2630 7*

1550 959 1568 991 2
