1780 2877
633 111 719 147 XIV.
744 112 963 147 DATAMES.
1002 116 1032 147 5.
1483 114 1564 153 109

119 228 254 280 Aspim
289 227 590 280 aggrederetur,
629 229 696 279 qui
728 229 953 268 Cataoniam
986 228 1167 276 tenebat;
1206 241 1306 279 quae
1338 243 1436 281 gens
1464 232 1564 272 iacet

117 298 237 338 supra
268 284 461 333 Ciliciam,
495 285 666 325 confinis
687 285 968 338 Cappadociae.
1009 286 1187 336 Namque
1209 286 1324 337 Aspis
1354 288 1566 328 saltuosam
1597 298 1615 330 2

117 343 323 396 regionem
341 343 589 394 castellisque
604 343 799 382 munitam
815 343 995 382 incolens
1017 356 1099 382 non
1121 343 1249 382 solum
1270 343 1438 395 imperio
1460 347 1564 397 regis

118 414 201 440 non
230 399 414 453 parebat,
446 401 514 440 sed
543 400 660 439 etiam
681 399 868 439 finitimas
888 400 1074 451 regiones
1093 400 1257 439 vexabat
1278 406 1335 449 et,
1359 414 1459 453 quae
1480 404 1562 455 regi

117 463 376 510 portarentur
390 488 399 506 ,
420 457 650 509 abripiebat.
692 457 885 505 Datames,
909 457 981 496 etsi
1003 457 1122 509 longe
1144 457 1279 497 aberat
1299 458 1346 497 ab
1379 459 1440 498 his
1461 461 1565 512 regi·
1595 468 1612 500 3

117 515 262 555 onibus
291 521 330 555 et
356 528 377 554 a
397 514 545 553 maiore
566 527 609 553 re
630 513 951 561 abstrahebatur,
984 520 1116 553 tamen
1139 515 1243 566 regis
1264 516 1455 555 voluntati
1477 530 1563 556 mo-

116 586 202 612 rem
231 572 449 625 gerendum
479 571 642 622 putavit.
691 571 828 623 Itaque
860 584 950 611 cum
981 572 1139 623 paucis,
1172 573 1240 612 sed
1269 573 1361 613 viris
1392 574 1563 614 fortibus

118 643 256 670 navem
287 628 537 676 conscendit,
569 628 817 676 existimans,
856 629 961 680 quod
986 629 1144 677 accidit,
1175 630 1327 669 facilius
1347 643 1389 670 se
1410 631 1562 683 impru-

116 689 276 727 dentem
292 698 408 738 parva
428 697 549 725 manu
571 698 855 738 oppressurum
878 699 997 738 quam
1018 693 1200 738 paratum
1222 689 1398 739 quamvis
1417 701 1562 741 magno

115 744 303 783 exercitu.
345 743 427 782 Hac
448 743 600 783 delatus
622 743 662 782 in
686 743 872 791 Ciliciam,
895 757 1078 796 egressus
1099 745 1211 793 inde,
1242 745 1325 785 dies
1346 753 1564 798 noctesque
1595 754 1614 786 4

115 802 191 840 iter
210 800 359 840 faciens
390 800 564 840 Taurum
585 801 740 840 transiit
761 814 900 852 eoque,
924 814 1002 852 quo
1025 802 1249 851 studuerat,
1271 803 1390 843 venit.
1433 803 1562 850 Quae-

114 858 185 906 rit,
218 857 363 910 quibus
395 858 491 897 locis
512 857 562 897 sit
583 858 717 910 Aspis;
750 858 957 910 cognoscit
978 859 1081 899 haud
1104 860 1222 912 longe
1246 860 1382 900 abesse
1404 862 1562 913 profec-

113 922 278 967 tumque
316 927 406 954 eum
440 921 637 955 venatum.
694 916 804 961 Quae
839 917 933 955 dum
968 918 1213 968 speculatur,
1251 918 1442 958 adventus
1478 919 1562 959 eius

114 985 231 1012 causa
252 973 520 1024 cognoscitur.
561 973 711 1012 Pisidas
732 985 822 1012 cum
845 973 920 1021 eis,
948 985 1048 1024 quos
1068 986 1204 1014 secum
1225 974 1406 1023 habebat,
1429 977 1477 1015 ad
1498 989 1562 1016 re-

113 1030 334 1070 sistendum
355 1030 470 1082 Aspis
490 1036 704 1081 comparat.
746 1030 786 1069 ld
810 1030 992 1070 Datames
1013 1031 1081 1070 ubi
1103 1032 1268 1079 audivit,
1300 1044 1406 1071 arma
1429 1034 1561 1080 sumit,
1592 1041 1610 1072 5

113 1100 208 1127 suos
233 1087 346 1139 sequi
367 1087 494 1126 iubet:
528 1087 611 1139 ipse
634 1100 735 1138 equo
758 1087 957 1127 concitato
981 1089 1027 1127 ad
1049 1089 1203 1129 hostem
1224 1089 1391 1129 vehitur.
1433 1090 1559 1137 Quem

113 1145 254 1197 procul
284 1145 399 1196 Aspis
428 1144 679 1196 conspiciens
696 1146 742 1184 ad
765 1158 806 1185 se
828 1146 1023 1184 ferentem
1045 1147 1289 1198 pertimescit
1310 1153 1426 1199 atque
1448 1161 1469 1187 a
1492 1161 1560 1187 co-

114 1208 211 1242 natu
243 1202 452 1242 resistendi
482 1202 693 1242 deterritus
723 1215 808 1242 sese
837 1202 996 1242 dedidit.
1038 1204 1154 1243 Hunc
1176 1204 1358 1244 Datames
1385 1205 1558 1245 vinctum

112 1260 161 1299 ad
183 1272 317 1311 regem
339 1260 566 1299 ducendum
588 1260 705 1299 tradit
726 1260 952 1299 Mithridati.

227 1317 334 1356 Haec
350 1317 442 1356 dum
460 1322 665 1368 geruntur,
688 1319 924 1357 Artaxerxes
943 1318 1217 1366 reminiscens,
1239 1332 1259 1357 a
1283 1326 1431 1371 quanto
1455 1320 1559 1360 bello
1592 1324 1615 1359 5

111 1375 159 1413 ad
187 1386 304 1425 quam
325 1386 483 1426 parvam
505 1387 588 1413 rem
611 1374 833 1427 principem
856 1376 1002 1414 ducum
1024 1375 1214 1423 misisset,
1245 1389 1286 1415 se
1309 1377 1392 1429 ipse
1421 1390 1558 1430 repre-

111 1431 250 1470 hendit
272 1437 310 1470 et
330 1432 517 1471 nuntium
536 1432 583 1471 ad
605 1433 819 1471 exercitum
842 1434 949 1472 Acen
971 1432 1091 1479 misit,
1113 1434 1219 1484 quod
1242 1435 1420 1474 nondum
1441 1435 1558 1475 Data-

112 1501 204 1528 men
236 1489 461 1541 profectum
483 1489 667 1541 putabat,
699 1490 767 1542 qui
789 1490 956 1538 diceret,
987 1503 1037 1529 nc
1059 1490 1106 1529 ab
1130 1490 1305 1530 exercitu
1327 1492 1558 1532 discederet.

113 1545 187 1584 Hic
209 1546 441 1597 priusquam
462 1547 708 1599 perveniret,
742 1561 820 1599 quo
844 1553 925 1587 erat
946 1548 1162 1600 profectus,
1186 1548 1225 1587 in
1250 1548 1391 1588 itinere
1414 1562 1559 1590 conve-

114 1603 194 1651 nit,
228 1603 294 1654 qui
315 1604 449 1655 Aspim
471 1604 681 1644 ducebant.
724 1604 809 1651 Qua
832 1605 1031 1644 celeritate
1054 1618 1144 1645 cum
1173 1618 1356 1658 magnam
1387 1607 1561 1648 henevo—
1592 1616 1610 1647 2

916 1721 947 1752 4.
975 1718 1116 1751 delatus
1148 1718 1221 1752 hier
1253 1719 1342 1753 ohne
1371 1719 1437 1753 den
1463 1725 1559 1754 sonst

871 1764 1134 1806 gewohnlichen
1149 1764 1462 1808 Nebengedanken,
1481 1766 1558 1800 dass

112 1714 262 1749 werden.
282 1715 608 1760 UelierAegyptum
620 1728 645 1751 s.
662 1728 702 1750 zu
713 1717 799 1752 Mitt.

117 1764 144 1803 1,
175 1763 203 1803 1,
240 1762 340 1802 [auch
365 1761 492 1805 Drager
517 1762 555 1796 H.
583 1763 616 1797 S.
641 1763 680 1796 12.
708 1766 799 1805 394]

160 1818 251 1849 quae
260 1818 361 1850 gem,
375 1807 425 1841 als
439 1808 560 1841 st'ande
573 1809 697 1843 vorher
707 1809 801 1842 nicht

111 1852 172 1885 der
189 1853 296 1886 Name
321 1853 382 1887 des
399 1853 541 1895 Landes,
567 1854 714 1888 sondern
741 1855 800 1889 des

113 1898 234 1932 Volks.
283 1899 420 1932 Ebenso
440 1900 544 1943 praes.
564 1903 594 1934 5.
613 1900 699 1934 Milt.
718 1904 750 1944 4,
769 1903 800 1935 2.

112 1943 190 1987 Vgl.
217 1955 258 1978 zu
289 1944 362 1980 Alc.
392 1947 444 1987 11,
471 1948 500 1979 3.
537 1946 609 1979 Cas.
637 1947 668 1981 b.
697 1958 723 1981 c,
749 1947 800 1981 111.

112 1992 168 2032 80,
185 1992 200 2024 1
217 1991 314 2033 quod
325 1994 375 2024 est
393 1992 562 2034 oppidum
580 1992 611 2024 T
609 1993 802 2033 heswanc,-

113 2047 206 2079 quae
226 2047 316 2079 gens
339 2049 371 2071 u.
399 2047 425 2070 s.
451 2040 503 2070 W.'
520 2038 636 2072 Livius
666 2039 705 2073 fr.
732 2039 801 2072 XCI

112 2084 156 2114 ab
170 2083 372 2116 Hercaonia
390 2086 425 2115 et
443 2083 684 2127 Contestania,
699 2088 802 2117 utra-

114 2138 182 2170 que
205 2130 304 2161 socia
325 2132 444 2171 gente.

161 2176 191 2208 2.
209 2177 456 2216 portarentur.
487 2174 521 2209 S.
541 2176 664 2220 Zumpt
682 2177 703 2221 ξ
723 2179 799 2212 558.

113 2219 253 2262 Madvig
278 2220 298 2262 ξ
318 2222 383 2255 364
401 2221 500 2254 Anrn.
529 2224 556 2255 1.
591 2222 649 2265 [Es
671 2222 801 2256 konnte

114 2265 243 2299 ebenso
276 2270 336 2308 gut
375 2266 433 2299 der
465 2266 631 2301 Indicativ
669 2269 801 2311 stellein

114 2311 181 2344 wie
216 2322 258 2344 an
292 2311 351 2345 der
376 2322 462 2355 ganz
489 2312 669 2347 ahnlichen
696 2314 802 2348 Stelle

113 2357 176 2391 des
200 2356 289 2392 vell.
309 2357 346 2391 ll.
372 2360 426 2400 63,
453 2361 471 2391 3
491 2362 678 2402 pecunias,
712 2372 802 2403 quac

114 2414 161 2436 em
178 2406 433 2436 transmarinis
440 2407 642 2447 provinciis
654 2405 801 2439 Romam

117 2451 160 2482 ab
184 2451 432 2492 quaestoribus
458 2450 754 2495 deportabantur,
780 2464 800 2485 a

114 2495 312 2528 volentibus
337 2496 572 2541 acceperant]

117 2587 137 2620 S
163 2543 342 2627 [}.]nave711
354 2543 569 2576 conscendit.
585 2542 619 2577 S.
630 2554 670 2577 zu
681 2543 798 2579 Them.

871 1820 908 1843 es
933 1810 1022 1843 ohne
1047 1810 1121 1843 sein
1145 1811 1281 1844 Zuthun
1307 1811 1490 1853 geschehn.

918 1858 994 1888 eius
1020 1856 1086 1889 wie
1111 1855 1173 1898 Ag.
1201 1859 1232 1899 6,
1260 1858 1290 1890 2.

916 1901 1065 1935 Pisidas.
1117 1900 1150 1934 S.
1177 1912 1218 1934 zu
1244 1912 1272 1935 c.
1299 1904 1331 1943 8,
1357 1904 1387 1935 2.

919 1950 950 1982 5.
981 1946 1102 1986 ferens
1133 1947 1193 1980 hat
1224 1947 1298 1981 hier
1326 1948 1442 1991 Nepos
1475 1951 1558 1982 statt

872 1993 932 2026 des
950 1992 1132 2026 fehlenden
1150 1992 1318 2037 Partieips
1337 1994 1397 2027 des
1419 1993 1558 2028 Passivs

873 2039 1062 2080 [vielleicht
1079 2039 1166 2073 auch
1182 2039 1216 2071 in
1234 2039 1482 2082 Nachahmung
1499 2039 1558 2073 des

872 2085 1107 2127 griechischen
1136 2087 1260 2130 φέρων
1283 2103 1329 2114 =
1353 2083 1558 2131 φερόμενος,

872 2141 898 2165 S.
912 2130 1034 2165 Herod.
1051 2131 1131 2164 VIII.
1148 2131 1427 2176 87.Plut.Comp.
1441 2132 1497 2165 Ar.
1515 2134 1556 2172 1.]

872 2177 1076 2219 gebraucht,
1110 2177 1176 2210 wie
1208 2177 1280 2210 sich
1315 2178 1404 2212 oster
1432 2179 1559 2210 vehens

872 2222 1036 2263 (Timoth.
1056 2225 1086 2263 2,
1113 2226 1155 2265 1),
1187 2235 1357 2256 emer-cens
1382 2236 1412 2258 u.
1440 2234 1468 2257 a.
1496 2223 1559 2257 fin-

872 2268 948 2303 den.
1012 2268 1145 2303 Anders
1183 2269 1246 2312 Ag.
1281 2273 1313 2312 4,
1347 2273 1378 2304 4.
1422 2269 1464 2302 da
1498 2270 1558 2303 das

872 2325 980 2357 ganze
1005 2314 1155 2348 Verbum
1180 2319 1318 2348 vertere
1343 2315 1475 2350 neutral
1501 2325 1559 2358 ge-

872 2361 1017 2394 braueht
1042 2361 1137 2394 wird.
1180 2361 1227 2402 [S.
1255 2362 1308 2395 die
1339 2362 1558 2396 Zusammen-

873 2406 1024 2449 stellung
1046 2407 1102 2440 bei
1123 2406 1249 2450 Drager
1268 2407 1306 2442 H.
1329 2407 1362 2441 S.
1384 2408 1422 2441 1².
1441 2410 1504 2441 140
1519 2407 1555 2449 f.]

917 2452 1141 2488 Mithridati.
1171 2453 1453 2487 wahrscheinlich
1480 2453 1556 2487 dem

872 2509 899 2531 c.
929 2498 1002 2532 lOf.
1029 2499 1248 2540 erwahnten,
1273 2510 1329 2533 wo
1355 2510 1400 2533 m.
1426 2510 1452 2533 s.

916 2544 953 2579 5.
981 2547 1009 2578 1.
1043 2547 1240 2587 [eonvenit,
1277 2547 1340 2588 qui
1372 2545 1439 2579 wie
1470 2545 1556 2579 Dion

872 2592 902 2631 8,
928 2592 958 2624 4.
998 2591 1032 2625 S.
1058 2591 1144 2624 auch
1170 2590 1301 2624 ebenda
1327 2602 1367 2625 zu
1393 2594 1425 2633 9,
1453 2594 1497 2633 5.]
