1780 2877
156 145 206 184 60
663 146 729 179 Vll.
756 145 1016 180 ALCIBIADES.
1053 148 1084 179 4.

155 262 306 301 civitate
327 268 553 313 poneretur.
594 262 728 313 Itaque
751 274 832 300 non
854 261 978 301 solum
1002 261 1167 313 spemin
1187 274 1232 301 eo
1250 261 1443 301 habebant
1460 262 1583 301 maxi-

154 331 275 367 mam,
306 319 373 358 sed
394 319 509 358 etiam
530 319 730 367 timorem,
765 318 867 369 quod
891 324 928 357 ct
948 318 1084 358 obesse
1105 318 1317 370 plurimum
1339 324 1376 357 et
1396 319 1583 371 prodesse

119 383 137 415 6
158 380 322 428 poterat.
363 375 653 427 Aspergebatur
675 376 789 414 etiam
810 375 987 424 infamia,
1020 376 1123 426 quod
1146 375 1186 414 in
1209 375 1324 414 domo
1355 388 1424 415 sua
1455 377 1583 415 facere

155 432 337 484 mysteria
369 432 589 482 dicebatur;
623 433 725 483 quod
749 432 857 471 nefas
879 438 960 471 erat
987 445 1096 471 more
1117 432 1436 481 Atheniensium,
1467 433 1584 484 idque

156 502 236 528 non
255 489 300 527 ad
311 489 563 552 religionem,
584 490 649 528 sed
667 490 712 528 ad
730 489 1042 529 coniurationem
1064 489 1263 541 pertinere
1280 489 1584 528 existimabatur.

109 549 133 583 4
158 545 242 585 Hoc
264 545 426 584 mimine
447 546 486 584 in
506 546 691 584 contione
713 545 784 584 ab
776 546 944 585 mimicis
965 546 1282 598 compellabatur.
1325 545 1401 585 Sed
1417 545 1587 586 instabat

158 609 313 665 tempus
335 603 380 641 ad
410 603 554 641 bellum
584 603 871 654 proficiscendi.
913 603 953 641 Id
976 604 1038 642 ille
1061 604 1218 643 intuens
1240 615 1368 654 neque
1398 603 1585 654 ignmans

158 659 297 698 civium
315 671 476 699 sumum
494 660 820 698 consuetudinem
837 660 1070 711 postulabat,
1087 661 1118 699 si
1135 660 1225 711 quid
1242 660 1288 698 de
1306 672 1345 699 se
1358 659 1585 711 agivellent,

157 716 288 779 potius
317 717 363 754 de
395 721 601 767 praesente
631 717 805 767 quaestio
840 716 1068 765 111116161111
1106 730 1221 767 quam
1250 716 1391 756 absens
1421 716 1587 756 invidiae

122 779 140 810 2
161 773 324 811 crimine
346 778 606 811 accusaretur.
647 772 798 811 Inimici
816 785 905 811 vero
922 774 1004 812 eius
1022 773 1328 824 quiescendum
1319 787 1358 812 111
1376 773 1586 825 praesenti,

160 829 247 879 quia
265 829 399 867 noceri
416 842 497 868 non
508 841 624 880 posse
642 829 932 880 intellegebant,
951 835 988 868 et
1004 830 1097 869 illud
1114 835 1269 882 tempus
1281 830 1587 882 exspectandum

158 886 427 934 decreverunt,
446 899 522 937 quo
541 886 694 933 exisset,
711 891 753 925 ut
770 886 971 925 absentem
990 887 1314 937 aggrederentur3
1337 887 1467 938 itaque
1484 887 1588 925 fece-

124 948 141 979 3
162 947 267 980 runt.
315 943 411 981 Nam
442 948 649 994 postquam
685 943 724 981 in
757 942 927 981 Siciliam
957 955 1045 982 eum
1073 943 1297 994 pervenisse
1325 944 1589 990 crediderunt,

159 998 382 1047 absentem,
414 1000 518 1051 quod
540 1012 647 1039 sacra
671 999 871 1048 violasset,
899 1012 1009 1039 reum
1031 1001 1223 1039 fecerunt.
1264 999 1347 1046 Qua
1369 1000 1415 1039 dc
1436 1012 1479 1039 re
1500 1011 1589 1038 cum

160 1055 194 1093 ei
226 1057 390 1096 nuntius
419 1069 438 1095 3
469 1057 698 1109 magistratu
719 1056 756 1095 in
787 1057 956 1095 Siciliam
986 1057 1127 1096 missus
1149 1062 1267 1105 esset,
1297 1063 1340 1096 ut
1362 1057 1521 1096 domum
1543 1056 1590 1095 ad

161 1124 315 1152 causam
332 1114 537 1152 dicendam
554 1113 710 1161 rediret,
733 1120 912 1165 essetque
929 1114 967 1152 in
992 1126 1131 1165 magna
1159 1126 1227 1165 spe
1248 1113 1472 1165 provinciae
1488 1113 1591 1152 bene

162 1171 503 1218 administrandae,
526 1184 606 1209 non
624 1182 761 1222 parere
779 1171 903 1210 noluit
922 1176 956 1209 et
976 1171 1014 1209 in
1031 1171 1202 1218 trierem,
1226 1183 1323 1221 quae
1340 1171 1385 1209 ad
1403 1183 1492 1210 eum
1509 1175 1592 1208 erat

124 1231 141 1261 4
163 1228 448 1278 deportandum
470 1228 598 1274 missa,
625 1227 811 1266 ascendit.
852 1227 932 1266 Hac
955 1227 1124 1266 Thurios
1144 1227 1183 1265 in
1205 1227 1351 1266 Italiam
1373 1232 1594 1279 pervectus,

161 1284 281 1323 multa
310 1296 443 1323 secum
478 1290 666 1335 reputans
700 1284 746 1322 de
782 1284 1034 1323 immoderata
1070 1284 1210 1323 civium
1244 1297 1407 1324 suorum
1436 1283 1594 1323 licentia

161 1341 469 1391 crudelitateque
486 1353 575 1392 erga
593 1341 758 1387 nobiles,
780 1341 1027 1380 utilissimum
1044 1347 1151 1380 ratus
1166 1341 1458 1392 impendentem
1475 1341 1594 1380 evita-

162 1409 203 1436 re
232 1403 504 1449 tempestatem
535 1398 630 1436 clam
655 1411 695 1436 se
725 1397 772 1436 ab
799 1398 1027 1437 custodibus
1049 1398 1234 1437 subduxit
1254 1404 1291 1436 et
1311 1398 1402 1436 inde
1424 1397 1593 1448 primum

209 1511 247 1540 in
273 1520 311 1541 eo
337 1503 389 1541 ‘in
423 1508 553 1542 Betrefs
580 1505 727 1551 seiner‘,
760 1509 844 1542 l'asst

165 1554 236 1587 sich
266 1553 351 1587 uach
376 1554 542 1597 Analogie
575 1565 642 1588 von
667 1565 761 1597 spem
780 1565 845 1597 po-

163 1611 247 1632 nere
267 1602 306 1632 in
332 1599 451 1642 aliquo
477 1599 641 1632 erklaren.
690 1599 845 1633 Aufffilli-

165 1655 223 1687 ger
248 1644 323 1678 sind
347 1645 442 1678 Eum.
465 1647 515 1687 13,
534 1647 552 1678 2
587 1645 626 1677 In
646 1656 715 1687 quo
734 1656 843 1688 quan-

164 1694 199 1722 ta
221 1692 375 1722 onmium
388 1690 502 1730 suerit
521 1692 641 1733 opinio
659 1690 726 1724 und
740 1691 842 1724 Phoc.

164 1738 195 1778 4,
221 1738 239 1768 4
275 1736 316 1768 In
348 1737 413 1768 hoc
447 1739 583 1768 tantum
615 1735 689 1775 fuit
723 1737 842 1769 odium

163 1781 415 1814 Ἠιιιῖίιίιιᾱίᾝηιε

210 1829 239 1860 6.
266 1837 303 1858 171
321 1827 424 1859 domo
441 1838 517 1859 sua.
557 1826 589 1859 S.
610 1837 649 1859 zu
667 1827 744 1870 Lys.
765 1829 794 1869 3,
814 1829 843 1860 5.

165 1871 210 1905 So
237 1871 333 1904 stand
359 1872 444 1905 nach
462 1871 551 1906 Plut.
569 1872 642 1905 Alc.
668 1874 710 1905 22
735 1872 769 1905 in
787 1854 846 1905 'der

164 1917 326 1950 wahrend
350 1917 409 1950 des
434 1918 506 1951 Alc.
533 1917 777 1950 Abwesenheit
803 1919 844 1958 (c.

163 1966 194 2003 4,
221 1964 253 2003 3)
285 1962 536 2006 eingereichten
561 1962 735 2006 Klagacte.
784 1962 845 1996 Bei

163 2007 268 2042 Thuc.
283 2007 336 2041 VI.
355 2010 397 2042 28
415 2008 523 2042 heisst
541 2018 576 2041 es
594 2008 786 2051 allgemein,
809 2018 845 2041 es

164 2053 263 2087 sollte
289 2053 322 2086 in
354 2053 504 2087 Hausern
536 2055 590 2095 (ὲν
621 2054 761 2096 οἰκίαις)
787 2064 844 2096 ge-

164 2099 290 2132 schehn
323 2099 412 2141 sein,
446 2099 577 2132 welche
602 2099 688 2132 nach
713 2099 842 2132 Andoc.

163 2144 185 2179 I.
201 2145 221 2187 ξ
239 2146 355 2178 1216.
374 2147 413 2178 17
431 2144 484 2177 die
502 2144 560 2177 des
579 2144 740 2188 Polytion
761 2144 842 2186 (vgl.

163 2190 262 2224 Isocr.
277 2189 362 2222 XVI.
379 2190 399 2232 ξ
415 2192 445 2223 6.
459 2188 717 2233 Plut.Symp0s.
730 2191 791 2223 621
808 2189 842 2223 C.

164 2235 343 2270 Ρ3115311.Ι.
361 2236 391 2277 2,
405 2237 450 2277 4),
468 2234 662 2268 Charmides
676 2234 744 2268 und
759 2234 844 2267 Phe-

164 2281 270 2314 recles
295 2290 420 2313 waren.

210 2324 246 2361 4.
274 2328 302 2359 1.
328 2326 403 2358 1100
426 2327 573 2358 crimine
594 2325 682 2358 kann
710 2325 845 2368 51113611-

166 2371 232 2404 lich
257 2382 320 2404 nur
344 2371 403 2404 auf
426 2371 485 2404 das
510 2371 636 2404 zuletzt
652 2370 846 2414 Erwiihnte,

167 2416 220 2449 die
237 2416 449 2459 Nachafl‘ung
467 2416 524 2450 der
540 2416 725 2460 Mysterien
745 2416 844 2458 gehn.

167 2460 360 2504 Allerdings
373 2461 632 2504 beschuldigten
648 2462 740 2495 561116
750 2461 846 2494 Fein-

168 2506 208 2538 de
234 2506 289 2538 ihn
308 2507 392 2540 auch
411 2507 468 2540 der
486 2507 763 2549 Verstiimmlung
788 2506 845 2539 der

167 2550 327 2589 llermem
360 2553 438 2585 aber
464 2553 538 2586 eine
562 2553 712 2595 Anzeige
737 2562 843 2595 gegen

170 2596 226 2629 11111
255 2597 371 2639 erging
396 2609 458 2630 nur
490 2608 610 2641 wegen
638 2598 695 2631 der
719 2597 847 2641 Myste-

916 1509 998 1551 rien,
1024 1508 1092 1542 und
1117 1519 1180 1541 nur
1202 1518 1320 1551 wege-n
1348 1508 1457 1542 dieser
1476 1508 1591 1542 wurde

915 1564 949 1587 er
967 1553 1151 1597 angeklagt
1166 1554 1234 1587 und
1249 1554 1459 1588 verurtheilt.
1484 1553 1590 1588 Thuc.

915 1599 966 1633 VI.
991 1601 1044 1634 28.
1071 1601 1125 1633 53.
1152 1602 1205 1634 61.
1237 1599 1323 1632 Plat.
1349 1599 1421 1633 Alc.
1450 1600 1592 1633 19—22.

912 1644 1039 1678 Andoc
1066 1645 1087 1678 Ι.
1114 1645 1135 1687 ξ
1165 1647 1306 1678 11—17.

959 1691 1000 1723 Id
1024 1690 1083 1722 ille
1117 1692 1257 1722 intuens
1291 1690 1356 1723 wie
1388 1689 1473 1723 Dion
1505 1691 1536 1732 8,
1565 1691 1593 1723 1.

914 1735 1033 1768 Chabr.
1060 1737 1090 1777 2,
1117 1737 1147 1769 3.

962 1782 991 1814 2.
1019 1783 1071 1821 [in
1091 1783 1276 1824 praesenti
1299 1781 1384 1813 auch
1400 1780 1470 1815 Att.
1491 1782 1544 1823 12,
1562 1783 1592 1814 5.

917 1826 983 1859 Cic.
1010 1826 1051 1859 ad
1077 1826 1207 1860 sam.11.
1231 1828 1281 1867 10,
1299 1828 1329 1860 4.
1355 1826 1427 1862 Liv.
1444 1825 1593 1860 XXXIV.

916 1874 969 1913 35,
991 1874 1041 1906 11.
1074 1871 1187 1905 Justin
1211 1871 1296 1906 XIV.
1326 1874 1354 1913 1,
1376 1874 1440 1912 13.]

962 1919 991 1951 3.
1007 1928 1027 1949 (ι
1041 1919 1270 1959 magistratu.
1288 1916 1320 1950 S.
1334 1927 1375 1949 zu
1390 1916 1507 1949 Them.
1524 1919 1592 1958 7,4.

960 1965 999 1994 in
1040 1964 1181 1994 trierem
1206 1981 1251 1985 —
1276 1962 1444 1994 aseendit.
1503 1960 1595 1994 viel-

915 2008 1008 2040 mehr
1041 2007 1117 2040 fuhr
1150 2018 1185 2040 er
1219 2006 1278 2039 aus
1308 2006 1435 2040 seinem
1473 2007 1594 2049 eignen

912 2052 1026 2086 Schiff.
1061 2052 1165 2086 Thuc.
1184 2051 1237 2085 VI.
1255 2054 1308 2086 61.
1342 2051 1453 2085 Ueber
1477 2063 1595 2085 aseen-

912 2099 994 2131 dere
1011 2109 1036 2131 s.
1055 2108 1095 2131 zu
1114 2097 1230 2131 Them.
1250 2099 1280 2140 8,
1299 2099 1329 2131 6.
1353 2097 1488 2130 Trz'erz's
1512 2100 1596 2131 statt

913 2144 971 2177 des
1008 2143 1267 2186 gewohnlichen
1305 2145 1458 2176 triremis
1489 2141 1595 2176 findet

915 2189 985 2222 sich
1011 2188 1095 2222 auch
1121 2188 1153 2222 b.
1172 2188 1241 2221 Asr.
1261 2190 1314 2230 44,
1334 2190 1353 2222 2
1379 2187 1462 2232 [und
1486 2188 1519 2220 in
1544 2188 1595 2221 ln-

916 2234 1092 2267 schrifteu:
1110 2234 1144 2266 b.
1158 2233 1348 2267 Wilmanns
1365 2236 1461 2267 1501.
1481 2235 1591 2274 1667]

960 2282 992 2314 4.
1012 2290 1096 2322 erga
1115 2279 1161 2312 im
1175 2279 1378 2312 seindlichen
1395 2278 1509 2321 Sinne,
1527 2279 1594 2311 wie

913 2324 986 2359 Dat.
1017 2327 1068 2366 10,
1094 2326 1124 2358 3.
1149 2324 1242 2358 Ham.
1268 2327 1300 2367 4,
1326 2326 1355 2359 3.
1381 2324 1487 2357 Hann.
1517 2326 1544 2366 1,
1563 2325 1594 2358 3.

919 2373 969 2412 10,
991 2373 1019 2412 1,
1036 2370 1091 2403 1161
1108 2369 1251 2403 Plautus
1267 2369 1335 2403 und
1351 2369 1494 2411 Teren2‚
1515 2369 1595 2402 31161

915 2415 1050 2449 keinem
1075 2415 1319 2458 Zeitgenossen
1345 2414 1404 2448 des
1429 2414 1555 2457 Nepos.

961 2461 1064 2502 [elam
1088 2472 1123 2493 se
1147 2481 1190 2484 —
1214 2460 1394 2493 subdcta-it.
1433 2459 1595 2492 Derselbe

916 2506 1137 2539 Pleonasmus
1169 2506 1223 2539 bei
1256 2504 1331 2538 Ter.
1363 2504 1448 2538 Eun.
1478 2503 1533 2539 IV.
1563 2507 1593 2545 7,

915 2553 968 2586 25.
1002 2552 1035 2586 b.
1063 2551 1134 2585 Asr.
1161 2553 1215 2592 93,
1242 2553 1267 2584 1.
1303 2550 1415 2584 Plaut.
1438 2549 1509 2582 Mil.
1528 2551 1593 2584 343

918 2597 1004 2630 elam
1022 2608 1057 2629 se
1076 2596 1315 2629 subterducat.
1354 2595 1386 2629 S.
1406 2598 1510 2629 unten
1528 2597 1560 2638 6,
1575 2597 1593 2628 5
