1780 2877
587 111 671 144 xxi.
712 110 765 144 DE
792 110 986 145 REGIBUS.
1022 114 1051 145 2.
1078 115 1108 145 3.
1489 110 1566 148 177

249 224 306 262 Ex
317 223 575 263 Macedonum
591 231 720 263 autem
738 232 854 277 gente
870 226 948 265 duo
965 225 1088 264 multo
1105 231 1257 264 ceteros
1272 232 1567 266 antecesserunt
1593 229 1616 263 2

135 292 266 319 rerum
289 286 485 331 gestarum
508 281 650 332 gloria:
685 281 906 332 Philippus,
930 283 1117 332 Amyntae
1140 281 1260 326 tilius,
1294 287 1330 319 et
1352 282 1570 321 Alexander

136 336 311 388 Magnus.
342 336 493 375 Horum
509 337 607 376 alter
622 337 820 388 Babylone
838 336 975 375 morbo
993 341 1252 387 consumptus
1266 342 1344 384 est;
1367 336 1568 388 Philippus

136 393 263 444 Aegiis
283 406 304 431 a
327 392 528 440 Pausania,
550 405 639 432 cum
655 398 872 444 spectatum
890 393 1003 431 ludos
1019 392 1105 440 iret,
1127 393 1233 432 iuxta
1249 393 1445 431 theatrum
1463 394 1567 432 ocei-

134 461 201 488 sus
216 454 285 488 est.
318 448 427 488 Unus
444 449 635 500 Epirotes,
654 448 837 500 Pyrrhus,
855 448 921 499 qui
939 461 1029 487 cum
1046 449 1192 500 populo
1206 449 1382 487 Romano
1401 449 1567 488 bellavit.

134 504 171 544 Is
192 517 282 544 cum
306 507 430 557 Argos
451 505 639 555 oppidum
661 510 910 555 oppugnaret
931 505 970 543 in
992 504 1289 556 Peloponneso,
1321 505 1448 556 lapide
1469 506 1569 545 ictus

134 561 295 601 interiit.
333 561 442 600 Unus
464 561 554 599 item
578 560 744 603 Siculus,
767 560 977 611 Dionysius
992 561 1113 612 prior.
1154 562 1251 600 Nam
1268 567 1306 600 et
1321 573 1440 601 manu
1457 562 1570 601 fortis

135 624 172 656 et
193 617 285 657 belli
304 617 456 668 peritus
477 616 550 655 suit
570 622 628 664 et,
661 617 697 656 id
722 617 826 668 quod
848 617 886 656 in
916 623 1085 669 tyranno
1110 631 1190 656 non
1220 618 1331 656 facile
1359 618 1567 669 reperitur,

134 674 296 712 minime
316 672 561 720 libidinosus,
585 686 665 712 non
689 673 925 720 luxuriosus,
950 686 1029 712 non
1051 686 1208 722 avarus,
1233 673 1377 713 nullius
1398 674 1568 725 denique

133 729 190 768 rei
219 729 385 780 cupidus
414 728 489 768 nisi
517 729 726 780 singularis
756 730 1017 781 perpetuique
1048 730 1202 782 imperii
1223 730 1271 769 ob
1299 742 1463 781 eamque
1484 743 1567 769 rem

133 785 313 825 crudelis.
346 785 442 824 Nam
459 786 551 824 dum
567 785 604 824 id
621 787 770 825 studuit
786 786 953 833 munire,
973 786 1118 826 nullius
1136 787 1432 839 pepercitvitae‚
1450 799 1567 838 quem

1601 460 1617 488 h'.

133 841 218 881 eius
237 841 506 881 insidiatorem
523 848 690 893 putaret.
733 842 804 881 Hic
825 855 914 882 cum
933 842 1074 881 virtute
1090 843 1338 895 tyrannidem
1353 843 1426 882 sibi
1448 855 1569 894 pepe·
1599 851 1616 879 3

133 899 264 945 risset,
295 910 435 949 magna
456 898 619 937 retinuit
640 899 835 937 felicitate.
877 899 1000 937 Maior
1020 899 1126 938 enim
1147 912 1274 938 annos
1295 912 1342 938 Lx
1365 905 1479 938 natus
1499 900 1567 938 de—

132 955 248 994 cessit
270 955 435 993 florente
456 966 580 1005 regno
603 967 730 1005 neque
752 955 790 993 in
813 962 892 993 tam
907 955 1040 994 multis
1056 956 1170 995 annis
1184 956 1417 1006 cuiusquam
1434 968 1481 994 ex
1498 968 1566 994 sua

132 1011 252 1062 stirpe
285 1011 402 1049 funus
433 1010 542 1057 vidit,
580 1023 669 1050 cum
698 1023 744 1049 ex
775 1011 899 1049 tribus
932 1011 1120 1050 uxoribus
1148 1012 1292 1051 liberos
1321 1017 1567 1062 procreasset

132 1067 322 1117 multique
344 1067 379 1105 ei
401 1067 481 1105 nati
497 1073 628 1106 essent
641 1073 818 1118 nepotes.

246 1122 423 1162 Fuerunt
450 1129 652 1174 praeterea
673 1123 804 1174 magni
834 1135 946 1175 reges
970 1135 1015 1162 ex
1037 1123 1171 1162 amicis
1192 1123 1399 1162 Alexandri
1421 1123 1563 1174 Magni,
1589 1127 1613 1162 3

134 1179 200 1231 qui
221 1185 310 1231 post
332 1178 483 1218 obitum
505 1179 588 1218 eius
610 1180 771 1231 imperia
793 1185 995 1231 ceperunt,
1019 1179 1058 1217 in
1081 1179 1139 1218 his
1155 1179 1378 1230 Antigonus
1394 1186 1431 1219 et
1453 1180 1568 1219 huius

887 1279 968 1311 tiber
994 1278 1049 1310 ihu
1082 1279 1124 1310 de
1154 1280 1219 1311 Ιιοο
1252 1280 1393 1311 homine
1422 1289 1443 1310 a
1468 1280 1568 1310 bonis

885 1325 1092 1356 auctoribus
1107 1326 1159 1356 sic
1174 1326 1348 1366 scriptum
1368 1325 1568 1366 accepimus

884 1379 1055 1401 summam
1079 1368 1189 1407 luisse
1213 1371 1288 1400 elus
1312 1371 1350 1400 in
1374 1370 1467 1401 victu
1487 1372 1568 1400 tem-

179 1276 216 1313 2.
236 1281 263 1312 1.
287 1278 481 1321 Philippa-s.
509 1277 557 1311 01.
579 1281 650 1321 105,
673 1281 813 1312 1=359

132 1342 176 1347 —
202 1323 253 1357 Ol.
275 1325 348 1364 111,
377 1325 540 1357 l=336.

175 1368 393 1402 Alexander.
432 1367 482 1401 Ol.
503 1370 576 1409 111,
600 1371 673 1402 1=
688 1371 753 1403 336
773 1388 815 1393 —-

133 1413 183 1447 Ol.
215 1415 487 1455 114,1=323.

177 1461 312 1492 occisus
344 1462 408 1497 est,
443 1458 652 1491 ausffihrlich
685 1459 812 1492 erzahlt

131 1515 198 1538 von
223 1503 318 1536 Diod.
344 1503 430 1536 XVI.
455 1505 602 1537 91—94.

177 1551 207 1582 2.
245 1549 293 1581 Zu
317 1559 409 1581 unus
433 1549 598 1591 Epirotes
629 1549 696 1582 und
721 1559 815 1581 unus

132 1597 215 1627 item
240 1593 384 1627 Siculus
407 1594 451 1627 ist
477 1604 536 1627 aus
562 1594 583 1637 ξ
613 1597 625 1627 1
654 1595 815 1627 hinzuzu-

132 1639 266 1672 denken
307 1639 416 1671 multo
455 1642 588 1671 ceteros
627 1640 815 1682 (Epirotas

132 1684 214 1718 oder
231 1684 381 1724 Siculos)
407 1686 595 1716 antecessit
612 1694 731 1716 rerum
753 1695 815 1726 ge-

130 1733 267 1762 starum
289 1729 422 1771 gloria.

177 1775 346 1818 Pyrrhus.
397 1774 448 1807 Ol.
477 1776 556 1810 121.
588 1775 738 1807 1=297
771 1793 814 1798 —

133 1819 184 1853 Ol.
218 1821 288 1858 ¹27,
317 1821 483 1853 1=272.

177 1866 326 1897 interiit.
374 1864 421 1897 Im
457 1863 738 1906 Strassenkamps
773 1874 814 1896 zu

131 1910 241 1952 Argos
254 1919 363 1952 gegen
377 1909 570 1951 Antigonus
582 1908 731 1942 Gonatas
746 1919 813 1942 von

131 1954 351 1988 Macedonien
389 1954 505 1987 wurde
543 1964 577 1986 er
614 1953 718 1986 durch
750 1953 814 1986 deu

134 1999 322 2033 Steinwurf
346 2000 437 2032 einer
466 1999 599 2041 greisen
625 1999 814 2041 Argiverffl,

132 2045 234 2078 deren
259 2044 353 2078 Sohn
380 2055 415 2077 er
440 2043 562 2087 gerade
588 2043 815 2077 niederhauen

134 2090 262 2131 wollte,
280 2089 421 2122 betaubt
437 2089 504 2122 und
524 2089 615 2122 einer
632 2088 690 2121 der
708 2089 815 2122 feind-

133 2135 245 2168 lichen
263 2134 427 2168 Soldaten
452 2134 579 2167 schnitt
603 2134 684 2173 ihm,
710 2134 759 2167 als
780 2145 815 2167 er

133 2180 205 2213 sich
231 2189 297 2212 von
316 2179 374 2212 der
393 2179 596 2220 Betaubung
623 2178 748 2212 wieder
766 2190 816 2212 er-

133 2225 242 2266 holte,
275 2224 339 2257 den
365 2223 456 2267 Kopf
480 2225 531 2256 ab.
582 2223 670 2258 Plut.
698 2224 814 2267 Pyrrh.

178 2315 386 2358 Dionysius
414 2313 462 2346 Ol.
478 2315 532 2355 93,
548 2316 691 2347 3:406
706 2332 749 2336 —
765 2313 815 2347 01.

138 2363 212 2402 103,
241 2361 405 2393 1=367.
454 2359 581 2391 Ausser
606 2358 674 2390 ihm
702 2368 814 2391 waren

134 2405 241 2439 Gelon
256 2404 323 2438 und
338 2403 545 2446 Agathocles
565 2414 605 2436 zu
621 2404 813 2436 erwahnen.

134 2450 201 2483 Das
225 2450 312 2490 Lob,
346 2459 416 2481 was
442 2448 556 2491 Nepos
586 2448 662 2480 dem
688 2448 815 2492 Dionys

135 2495 287 2536 ertheilt‚
324 2493 456 2527 scheint
489 2494 544 2526 ein
577 2494 688 2535 wenig
719 2494 816 2526 siber-

135 2540 275 2574 trieben.
325 2539 391 2572 Cic.
418 2538 518 2571 Tusc.
544 2537 582 2571 V.
601 2539 654 2580 20,
673 2541 714 2572 57
741 2544 814 2581 sagt

206 2599 361 2627 Cornelius
380 2598 477 2634 Nepos
496 2598 559 2634 (Gr.
578 2599 621 2633 Α.)
643 2600 670 2625 2.
689 2598 760 2624 Auli.

883 1416 1086 1457 per-antium
1124 1416 1161 1445 ln
1193 1415 1367 1455 rebusque
1392 1414 1568 1455 gerundis

886 1461 1002 1491 virum
1027 1469 1145 1491 acrem
1170 1462 1203 1490 et
1226 1459 1458 1499 industrium,
1484 1469 1568 1490 eun-

885 1505 962 1536 dem
996 1507 1114 1536 tamen
1146 1504 1346 1544 malefic-mn
1376 1507 1507 1536 natura
1533 1507 1567 1535 et

885 1551 1068 1582 Iniustum.

928 1595 1140 1636 singularis.
1181 1592 1215 1625 S.
1241 1604 1282 1626 zu
1308 1593 1393 1627 Dion
1419 1596 1449 1633 9,
1476 1596 1506 1627 5.

927 1640 1075 1672 studuit.
1120 1637 1194 1680 Vgl.
1220 1638 1327 1671 Hann.
1353 1640 1383 1679 2,
1402 1641 1421 1671 4
1447 1638 1516 1671 und
1541 1649 1566 1671 s.

883 1684 1006 1728 Zumpt
1023 1685 1041 1727 ξ
1057 1686 1133 1725 507,
1158 1683 1297 1725 Madvig
1310 1684 1331 1726 ξ
1346 1685 1409 1717 336
1424 1683 1520 1716 Anm.
1537 1685 1566 1716 2.

929 1732 1022 1771 eius,
1063 1729 1163 1762 ntiml.
1203 1731 1296 1770 sing.
1334 1730 1567 1771 perpetuique

884 1777 1035 1818 imperii.

931 1821 960 1853 3.
987 1820 1145 1852 decessit.
1184 1818 1218 1851 S.
1244 1818 1330 1851 Dion
1356 1820 1386 1851 2.

930 1875 1042 1906 neque
1068 1864 1133 1896 wie
1158 1863 1276 1895 Them.
1308 1865 1356 1903 10,
1383 1865 1413 1895 4.

930 1920 974 1941 e.1:
1011 1910 1124 1941 tribus
1161 1909 1345 1941 umoribus,
1399 1906 1472 1940 Von
1509 1908 1567 1941 der

884 1960 996 1987 ersten
1038 1954 1139 1993 Frau,
1187 1953 1279 1985 einer
1318 1951 1468 1985 Tochter
1508 1953 1566 1986 des

885 1999 988 2032 durch
1014 1999 1067 2031 die
1086 1997 1356 2040 Vei-theidigung
1380 2008 1447 2030 von
1466 1997 1568 2041 Syra-

885 2055 944 2077 cus
979 2054 1088 2086 gegen
1114 2043 1166 2076 die
1192 2043 1342 2075 Athener
1365 2043 1567 2076 beriihmten

885 2089 1136 2128 Hermocrates‚
1175 2089 1267 2121 hatte
1302 2087 1430 2131 Dionys
1469 2087 1566 2121 keine

886 2134 1010 2167 Kinder
1041 2133 1150 2174 (Diod.
1175 2132 1260 2166 XVI.
1287 2136 1318 2167 6.
1361 2132 1449 2165 Plut.
1482 2132 1567 2166 Dion

886 2182 915 2213 3.
943 2182 987 2221 6),
1013 2190 1079 2212 von
1105 2179 1170 2211 den
1196 2177 1317 2210 beiden
1342 2177 1479 2218 andern,
1510 2178 1568 2211 der

886 2224 1041 2257 Locrerin
1054 2223 1151 2256 Doris
1169 2233 1229 2256 aus
1244 2222 1480 2264 Humi-italien,
1500 2223 1567 2256 und

887 2270 945 2302 der
963 2269 1197 2302 Aristomache
1215 2269 1256 2308 (s.
1274 2268 1359 2300 Dion
1381 2270 1408 2304 1,
1428 2270 1467 2308 1),
1488 2268 1568 2300 wel-

887 2315 947 2347 che
975 2314 1071 2347 beide
1098 2324 1133 2346 er
1157 2324 1199 2346 zu
1224 2313 1375 2354 gleicher
1399 2312 1473 2345 Zeit
1498 2313 1568 2345 hei-

886 2360 1029 2400 rathete,
1053 2359 1181 2391 sieben.
1223 2358 1306 2391 Dass
1324 2357 1441 2390 keiner
1457 2358 1568 2391 seiner

887 2404 1142 2437 Nachkommen
1168 2403 1222 2435 bei
1247 2403 1364 2435 seinen
1388 2403 1567 2435 Lebzeiteu

887 2449 1068 2491 gestorben
1095 2448 1161 2481 und
1185 2447 1253 2479 ihm
1272 2447 1358 2480 viele
1377 2447 1484 2480 Eukel
1510 2457 1567 2490 ge-

887 2495 992 2527 boren
1015 2493 1120 2534 seien,
1138 2493 1305 2526 berichtet
1323 2492 1437 2535 Nepos
1455 2492 1567 2526 allein.

931 2538 969 2574 3.
997 2541 1024 2572 l.
1059 2538 1092 2571 S.
1120 2548 1160 2570 zu
1186 2537 1280 2571 Eum.
1311 2539 1361 2577 13,
1387 2538 1418 2572 2.
1445 2539 1475 2571 3.

1257 2595 1293 2627 12
