1780 2877
296 139 375 179 132

796 140 880 174 xvi.
906 139 1150 174 PELOPIDAS.
1177 141 1207 173 2.

296 257 487 303 minatur,
510 255 712 307 occupavit
734 255 904 306 impulsu
925 267 1139 306 paucorum
1162 254 1457 301 Thebanorum,
1481 253 1561 305 qui,
1582 253 1715 292 adver-

296 313 421 353 sariae
442 312 601 352 factioni
622 324 699 363 quo
717 311 869 351 facilius
883 311 1122 358 resisterent,
1144 310 1343 349 Laconum
1364 310 1480 349 rebus
1495 309 1714 356 studebant,

248 378 267 408 3
297 370 412 421 idque
443 382 515 408 suo
543 368 715 420 privato,
746 381 825 407 non
852 368 1009 419 publico
1039 367 1131 406 secit
1160 367 1335 406 consilio.
1377 366 1463 412 Quo
1494 367 1594 405 sacto
1626 377 1715 404 eum

294 425 589 465 Lacedaemonii
605 425 653 463 ab
675 425 847 463 exercitu
864 430 1115 463 removerunt
1135 423 1379 475 pecuniaque
1395 423 1623 470 multarunt,
1645 434 1715 461 ne-

294 495 370 534 que
391 495 437 521 eo
460 481 582 532 magis
610 493 738 520 arcem
769 481 966 520 Thebanis
995 480 1266 528 reddiderunt,
1296 479 1399 531 quod
1429 479 1619 530 susceptis
1640 478 1716 517 ini-

293 539 449 578 micitiis
479 537 599 577 satius
627 537 824 576 ducebant
855 550 921 577 eos
952 537 1120 577 obsideri
1151 549 1266 588 quam
1296 535 1463 575 liberari.
1503 535 1600 574 Nam
1627 541 1717 586 post

294 594 625 646 Peloponnesium
656 593 801 632 bellum
831 594 1080 645 Athenasque
1109 593 1276 632 devictas
1305 605 1393 631 cum
1417 590 1613 631 Thebanis
1643 591 1715 630 sibi

295 664 375 690 rem
405 663 488 689 esse
509 649 781 689 existimabant
812 656 850 688 et
879 662 946 689 eos
976 662 1061 689 esse
1080 650 1205 697 solos,
1238 650 1305 701 qui
1334 649 1516 688 adversus
1536 647 1716 687 resistere

248 715 267 746 4
297 708 498 746 auderent.
547 705 628 744 Hac
657 712 788 744 mente
818 706 952 745 amieis
980 706 1059 745 suis
1090 719 1260 745 summas
1289 710 1501 758 potestates
1530 704 1718 744 dederant

296 763 532 814 alteriusque
553 762 732 801 factionis
752 761 951 813 principes
972 762 1112 813 partim
1133 762 1431 809 interfecerant,
1458 761 1553 800 alios
1574 761 1613 800 in
1636 759 1715 800 exi-

296 820 388 858 lium
411 819 626 867 eiecerant;
658 818 696 857 in
720 818 862 869 quibus
883 818 1086 870 Pelopidas
1105 818 1188 865 hic,
1218 818 1265 857 de
1287 831 1364 869 quo
1397 818 1568 858 scribere
1589 817 1715 856 exorsi

245 879 270 915 2
299 888 446 924 sumus,
475 875 611 927 pulsus
638 875 762 926 patria
794 875 960 914 carebat.
1001 874 1050 913 Hi
1079 886 1215 913 omnes
1245 875 1325 913 fere
1351 875 1522 913 Athenas
1550 886 1591 914 se
1619 886 1717 913 con-

295 932 487 980 tulerant,
509 944 590 971 non
612 944 689 982 quo
711 937 972 982 sequerentur
991 931 1134 978 otium,
1163 931 1230 970 sed
1252 937 1313 979 ut,
1335 942 1450 981 quem
1471 942 1518 969 ex
1538 930 1714 982 proximo

251 996 268 1026 2
297 989 426 1028 locum
448 989 529 1028 fors
551 988 773 1036 obtulisset,
805 1001 850 1026 eo
871 988 1034 1040 patriam
1056 999 1289 1039 recuperare
1310 987 1544 1026 niterentur.
1582 985 1716 1037 Itaque

296 1058 385 1084 cum
405 1051 560 1096 tempus
580 1051 681 1083 esset
705 1045 829 1083 visum
852 1045 908 1083 rei
929 1045 1142 1096 gerendae,
1172 1043 1433 1083 communiter
1452 1055 1542 1082 cum
1562 1042 1628 1090 iis,
1651 1042 1717 1093 qui

296 1102 440 1141 Thebis
460 1102 561 1140 idem
582 1101 823 1149 sentiebant,
851 1102 953 1140 diem
974 1101 1203 1152 delegerunt
1223 1101 1269 1139 ad
1290 1100 1470 1139 inimicos
1490 1099 1716 1151 opprimen-

296 1159 366 1197 dos
396 1158 666 1208 civitatemque
695 1158 935 1197 liberandam
956 1170 1067 1205 eum,
1098 1170 1174 1208 quo
1206 1157 1361 1196 maximi
1390 1156 1637 1208 magistratus
1665 1155 1716 1195 si-

296 1268 399 1301 durch
425 1268 478 1301 die
497 1268 594 1301 Stadt
617 1267 735 1310 selbst,
761 1268 904 1302 sondern
931 1279 972 1301 an

297 1313 473 1347 derselben
499 1313 653 1347 vorfiber.
701 1313 784 1348 Xen.
819 1314 906 1348 Hell.
932 1313 971 1348 V.

296 1361 328 1399 2,
353 1360 395 1392 25
409 1359 442 1392 ff.
483 1358 547 1392 Der
563 1359 668 1391 Name
685 1359 744 1392 der
761 1359 861 1392 Stadt
874 1360 972 1400 (auch

297 1404 359 1436 wir
384 1404 537 1437 konnten
559 1400 655 1437 ‘siber
678 1401 827 1437 Theben’
854 1408 972 1447 sagea)

296 1449 496 1482 bezeichnet
513 1449 585 1482 also
604 1449 759 1491 zugleich
784 1449 843 1483 das
861 1449 974 1483 Stadt·

296 1494 427 1537 gebiet‚
461 1495 526 1538 wie
550 1494 582 1527 in
608 1494 671 1527 den
698 1505 739 1528 zu
764 1494 870 1528 Hann.
895 1498 927 1535 4,
955 1497 966 1527 1

296 1539 520 1582 angesfihrten
545 1539 670 1572 Fallen.

342 1586 563 1627 [pauc-orum,
594 1585 673 1617 τῶν
703 1580 848 1629 ὀλίγων.
896 1583 971 1626 Vgl.

296 1641 328 1663 u.
362 1640 390 1663 a.
423 1629 505 1664 Sall.
540 1630 609 1664 Cat.
645 1631 697 1671 39,
735 1633 972 1672 lpaucorum

293 1677 455 1717 potentia
480 1677 600 1708 erevit.
616 1675 685 1717 lug.
710 1676 763 1716 31,
783 1677 823 1708 20
849 1675 971 1707 divina

297 1723 331 1751 et
365 1721 520 1753 humana
554 1722 671 1752 omnia
703 1731 809 1762 penes
838 1730 972 1762 paucos

293 1767 419 1805 erant]

340 1812 370 1844 3.
395 1812 616 1852 pecuniaque
639 1810 849 1841 multarunt.
893 1809 970 1842 Dies

293 1855 460 1888 berichtet
502 1854 689 1897 Xenophon
730 1855 843 1895 nicht,
891 1854 971 1887 aber

294 1899 416 1944 Polyb.
448 1899 501 1933 IV.
537 1901 590 1941 27,
623 1902 654 1934 4.
680 1899 776 1934 Diod.
808 1899 880 1933 XV.
915 1902 968 1934 20.

295 1944 384 1979 Plut.
411 1945 481 1978 Pel.
508 1947 537 1978 6.
564 1945 604 1977 de
630 1955 706 1987 gen.
733 1944 825 1978 Socr.
851 1947 917 1979 576
930 1946 969 1979 Α.

339 2001 451 2033 neque
475 2001 513 2022 eo
538 1993 662 2032 magis.
708 1989 806 2023 Diese
830 1989 971 2023 Verbin-

294 2035 386 2078 dung
410 2036 494 2068 liebt
512 2035 636 2078 Nepos.
678 2035 856 2068 Dieselben
875 2035 971 2069 Wor-

296 2086 329 2113 te
354 2081 453 2115 Paus.
480 2083 510 2122 3,
537 2084 566 2114 5.
593 2080 686 2113 Eum.
712 2083 743 2121 4,
770 2082 799 2114 2.
833 2081 874 2113 de
899 2090 967 2122 reg.

295 2129 327 2166 3,
353 2128 382 2159 3.
408 2127 479 2160 Att.
512 2128 542 2166 8,
576 2128 612 2164 6;
646 2136 758 2167 neque
791 2136 829 2158 eo
861 2128 970 2158 setius

294 2171 378 2204 Milt.
406 2173 437 2213 2,
463 2174 492 2205 3.
526 2170 621 2204 Eum.
654 2173 685 2211 5,
724 2174 750 2205 l.
786 2172 855 2205 Att.
882 2173 912 2211 2,
938 2173 968 2203 2.

293 2227 406 2258 neque
430 2227 468 2249 eo
494 2218 610 2248 minus
633 2215 754 2249 Timol.
781 2219 812 2258 4,
841 2219 868 2249 1.
893 2215 968 2258 Vgl.

295 2262 380 2294 auch
405 2272 446 2294 zu
471 2261 587 2294 Them.
618 2263 668 2302 10,
694 2264 724 2294 4.

338 2309 515 2350 suscipere
530 2308 739 2338 inimicitias
754 2302 838 2339 ‘sich
853 2305 970 2338 Feind-

295 2352 406 2385 schast
430 2347 616 2393 zuziehen’,
639 2346 700 2384 ‘sie
724 2351 785 2384 aus
799 2352 871 2384 sich
889 2351 968 2384 neh-

295 2397 395 2438 men',
412 2392 496 2429 ‘sich
514 2397 564 2429 ihr
578 2392 783 2429 unterziehn'
801 2396 870 2429 Cat.
893 2398 922 2438 2,
936 2399 967 2429 4.

295 2441 362 2474 Cic.
389 2442 429 2474 de
456 2443 524 2475 har.
550 2452 636 2484 resp.
663 2444 694 2483 4,
720 2444 749 2475 7.
776 2441 817 2474 ad
835 2442 911 2474 sam.
929 2441 966 2474 11.

299 2488 350 2526 18,
366 2488 394 2519 2.
421 2487 461 2519 de
479 2487 535 2520 off.
553 2487 573 2520 l.
593 2490 624 2527 9,
638 2488 691 2520 28.
716 2488 840 2519 Anton.
856 2487 889 2521 b.
901 2486 967 2520 Cic.

294 2530 337 2562 ad
347 2532 414 2564 Att.
426 2532 509 2566 XIV.
525 2535 562 2566 13
572 2532 610 2566 A.
626 2535 657 2565 3.
675 2532 771 2564 Corn.
782 2531 823 2564 ad
833 2531 907 2565 Her.
918 2531 967 2564 111.

294 2577 327 2616 7,
345 2578 394 2609 14.
421 2576 501 2610 Sall.
515 2577 605 2611 H.11.
624 2579 677 2618 41,
695 2576 761 2611 41».
787 2576 898 2615 Quint.
915 2576 966 2609 Vl.

1044 1269 1081 1308 1,
1114 1269 1165 1301 22.
1215 1267 1294 1301 Tac.
1331 1268 1368 1301 G.
1403 1270 1456 1302 21.
1504 1268 1717 1300 Inimicitiae

1042 1312 1134 1344 steht
1158 1313 1258 1346 meist
1282 1313 1327 1345 im
1352 1313 1476 1355 Plural,
1501 1313 1637 1346 anchin
1654 1311 1717 1345 Be-

1042 1367 1107 1399 zug
1124 1358 1183 1391 auf
1198 1359 1322 1391 einen
1339 1358 1453 1400 Feind,
1478 1358 1590 1391 indem
1603 1368 1644 1391 an
1662 1357 1715 1390 die

1041 1403 1301 1445 mannigsachen
1326 1403 1468 1436 Gestihle
1504 1403 1562 1436 der
1598 1403 1716 1436 Feind-

1041 1447 1151 1480 schast
1176 1448 1319 1490 gedacht
1344 1448 1439 1482 wird.
1472 1448 1538 1481 Cic.
1554 1459 1587 1491 p.
1606 1447 1714 1481 Flacc.

1045 1495 1073 1534 1,
1087 1494 1117 1526 2.
1131 1504 1162 1536 p.
1173 1493 1260 1528 Cael.
1277 1495 1329 1536 13,
1345 1495 1397 1527 32.
1411 1493 1452 1526 de
1466 1493 1533 1526 har.
1544 1503 1631 1535 resp.
1642 1495 1712 1534 4‚7.

1088 1539 1246 1571 obsidere
1268 1549 1335 1571 von
1361 1539 1559 1581 politischer
1591 1537 1715 1571 Ueber-

1042 1583 1209 1626 wachung
1232 1583 1300 1617 und
1325 1583 1609 1626 NiederhaItung,
1634 1584 1715 1617 abn-

1041 1627 1108 1661 lich
1140 1639 1274 1662 unserm
1306 1626 1713 1672 “Belagerungszustand’,

1041 1673 1125 1706 auch
1151 1684 1179 1707 c.
1206 1676 1237 1715 3,
1263 1676 1294 1708 3.
1320 1673 1442 1708 Timol.
1468 1677 1498 1714 3,
1524 1676 1555 1708 3.

1086 1717 1178 1751 Nam
1203 1730 1234 1752 u.
1261 1729 1287 1752 s,
1314 1729 1357 1752 w,
1391 1719 1456 1753 Zur
1480 1719 1553 1752 Zeit
1577 1718 1635 1752 der
1653 1718 1714 1751 Be-

1040 1769 1183 1806 setzung
1193 1764 1250 1797 der
1260 1764 1403 1797 Cadmea
1417 1765 1510 1797 hatte
1523 1764 1594 1797 sich
1603 1764 1713 1797 Athen

1039 1819 1117 1842 vom
1136 1808 1235 1851 Siege
1257 1809 1314 1842 der
1323 1810 1582 1843 Lacedamonier
1600 1810 1712 1851 langst

1039 1854 1151 1887 erholt
1175 1854 1242 1887 und
1266 1855 1328 1887 mit
1351 1855 1475 1888 andern
1502 1854 1642 1888 Staaten
1659 1864 1710 1888 am

1040 1899 1295 1933 Corinthischen
1320 1899 1422 1942 Krieg
1458 1910 1566 1942 gegen
1593 1899 1711 1942 Sparta

1039 1943 1135 1977 Theil
1161 1954 1372 1987 genommen.
1421 1945 1510 1977 Aber
1534 1944 1587 1977 die
1612 1944 1712 1977 Lace-

1038 1989 1211 2023 damonier
1241 1991 1357 2023 hatten
1389 1990 1485 2023 einen
1522 1989 1712 2023 besondern

1039 2034 1123 2068 Hass
1148 2045 1255 2077 gegen
1281 2035 1335 2068 die
1352 2034 1539 2076 Thebaner‚
1565 2034 1644 2067 weil
1662 2035 1709 2066 sie

1038 2080 1109 2112 sich
1134 2080 1199 2112 seit
1220 2079 1441 2122 Beendigung
1465 2080 1523 2112 des
1549 2079 1711 2123 pelopon-

1038 2125 1215 2157 nesisehen
1229 2125 1346 2168 Kriegs
1364 2125 1503 2166 injeder
1516 2124 1711 2166 Beziehung

1037 2169 1198 2202 seindlich
1223 2180 1331 2212 gegen
1356 2171 1404 2203 sie
1422 2170 1622 2203 benommen
1639 2170 1711 2202 hat-

1039 2219 1095 2247 ten
1128 2215 1195 2247 und
1219 2215 1475 2258 Haupturheber
1505 2215 1565 2248 des
1597 2215 1711 2248 Corin-

1038 2260 1191 2292 thischen
1217 2260 1336 2303 Kriegs
1362 2271 1484 2294 waren.

1084 2304 1275 2349 [adversus.
1324 2305 1356 2339 S.
1382 2316 1423 2338 zu
1447 2306 1510 2346 Ag.
1535 2308 1567 2347 4,
1592 2307 1636 2345 6.]

1080 2350 1118 2385 2.
1144 2352 1173 2383 2.
1200 2349 1250 2385 Ol.
1279 2353 1352 2393 100,
1378 2352 1509 2384 2:379
1540 2360 1581 2383 zu
1606 2349 1708 2383 Ende.

1083 2397 1207 2436 [visum
1221 2399 1307 2428 esset
1323 2396 1410 2428 habe
1422 2396 1476 2428 ich
1492 2398 1574 2428 statt
1586 2395 1645 2428 des
1659 2395 1708 2428 hs.

1037 2444 1087 2472 est
1112 2443 1222 2473 visum
1248 2441 1332 2474 nach
1355 2442 1416 2483 Ag.
1443 2442 1473 2481 3,
1494 2443 1526 2480 4,
1565 2450 1617 2474 wo
1643 2440 1707 2472 alle

1036 2486 1132 2519 Hdss.
1152 2490 1237 2518 esset
1260 2486 1384 2527 bieten,
1409 2486 1469 2518 mit
1485 2485 1621 2518 Dietsch
1641 2485 1707 2518 und

1036 2531 1131 2564 Halm
1156 2531 1400 2574 geschrieben.]

1081 2587 1149 2618 quo
1181 2595 1225 2601 -
1256 2576 1405 2618 epulari.
1466 2575 1507 2607 Es
1545 2585 1612 2608 war
1649 2574 1707 2607 das
