1780 2877
180 99 260 139 196
670 98 781 132 ΧΧΙΙΙ.
807 97 1037 131 HANNIBAL.
1080 98 1128 131 12.

180 216 299 256 Cuius
319 214 392 254 etsi
413 226 568 254 causam
591 213 803 253 inii-abatur
825 225 952 264 neque
984 211 1219 264 reperiebat,
1253 216 1380 250 tamen
1414 210 1608 262 proelium

130 282 148 313 4
178 272 307 313 statim
339 271 584 311 committere
615 283 695 310 non
729 269 929 309 dubitavit.
985 268 1135 307 Horum
1157 267 1196 306 in
1220 279 1417 307 concursu
1438 266 1610 319 Bithynii

182 328 412 368 Hannibalis
432 333 641 380 praecepto
665 326 836 366 universi
859 337 995 365 navem
1017 324 1206 363 Eumenis
1226 324 1469 363 adoriuntur.
1502 323 1610 369 Quo-

182 398 269 425 rum
290 385 366 424 vim
388 397 456 423 rex
477 396 567 423 cum
589 383 784 424 sustinere
802 395 882 422 non
899 386 1044 435 posset,
1066 381 1156 432 fuga
1172 380 1336 419 salutem
1353 379 1471 431 petit3
1494 391 1611 431 quam

182 447 419 482 consecutus
442 453 521 479 non
545 446 658 487 esset,
681 440 756 479 nisi
778 439 881 478 intra
902 451 971 478 sua
993 436 1183 490 praesidia
1204 449 1246 476 se
1266 436 1491 488 recepisset,
1513 448 1611 487 quae

131 508 150 539 5
182 500 221 538 in
244 498 423 550 proximo
455 497 569 535 litore
601 502 712 535 erant
742 497 943 535 collocata.
1004 494 1189 545 Reliquae
1212 493 1475 545 Pergamenae
1497 504 1614 531 naves

184 567 273 595 cum
294 552 534 594 adversarios
556 558 783 604 premerent
803 552 942 600 acrius,
964 556 1128 603 repente
1149 550 1188 589 in
1213 562 1276 589 eas
1296 562 1384 589 vasa
1401 548 1544 597 fictilia,
1567 549 1612 587 de

186 612 328 664 quibus
356 622 473 661 supra
507 609 748 648 mentionem
780 609 963 656 fecimus,
995 606 1123 647 conici
1163 612 1301 658 coepta
1339 610 1444 646 sunt.
1506 604 1614 651 Quae

185 670 282 708 iacta
304 667 415 706 initio
437 665 558 705 risum
582 664 852 717 pugnantibus
873 664 1142 711 concitarunt,
1167 675 1314 714 neque,
1346 674 1465 714 quare
1487 661 1525 701 id
1546 661 1614 700 fie-

135 733 153 763 6
184 731 254 773 ret,
279 728 431 776 poterat
446 722 633 773 intellegi.
674 721 885 772 Postquam
911 727 1042 760 autem
1064 732 1182 759 naves
1201 732 1290 759 suas
1316 719 1493 772 oppletas
1519 730 1616 758 con-

185 785 400 832 spexerunt
421 777 684 830 serpentibus,
708 790 807 817 nova
828 790 870 817 re
893 775 1104 829 perterriti,
1127 787 1229 825 cum,
1253 776 1346 827 quid
1367 774 1616 827 potissimum

186 837 364 884 vitarent,
387 848 468 875 non
491 835 678 883 viderent,
702 847 856 886 puppes
873 838 1076 872 verterunt
1092 844 1212 882 seque
1229 833 1275 871 ad
1292 844 1362 871 sua
1378 837 1502 871 castra
1520 827 1617 870 nau-

136 902 153 932 7
185 894 259 933 tica
280 892 530 932 rettulerunt.
581 891 646 930 Sic
667 891 863 930 Hannibal
884 889 1048 929 consilio
1070 900 1176 928 arma
1197 889 1531 940 Pergamenorum
1552 900 1618 927 su-

187 950 334 1002 peravit
355 961 484 1000 neque
505 954 588 987 tum
610 948 750 995 solum,
781 948 848 987 sed
869 959 984 998 saepe
1008 946 1099 985 alias
1121 945 1368 996 pedestribus
1389 943 1513 997 copiis
1535 943 1619 996 pari

188 1006 396 1059 prudentia
418 1005 570 1057 pepulit
589 1004 840 1044 adversarios.

119 1065 167 1103 12
308 1062 416 1108 Quae
444 1062 536 1101 dum
559 1062 598 1100 in
622 1061 710 1101 Asia
731 1066 935 1113 geruntur,
965 1059 1104 1098 accidit
1125 1070 1229 1105 casu,
1259 1063 1303 1096 ut
1325 1057 1441 1108 legati
1462 1056 1622 1096 Prusiae

190 1120 336 1159 Romae
358 1119 459 1170 apud
482 1118 525 1156 T.
549 1118 755 1164 Quintium
777 1117 1040 1156 Flamininum
1071 1114 1319 1154 consularem
1347 1118 1536 1154 cenarent
1565 1118 1621 1152 at-

191 1189 266 1228 que
288 1176 341 1215 ibi
362 1176 408 1214 de
430 1174 650 1214 Hannibale
671 1174 873 1214 mentione
896 1174 994 1213 facta
1017 1185 1063 1212 ex
1083 1173 1144 1212 his
1165 1183 1269 1211 unus
1297 1170 1444 1210 diceret
1470 1182 1559 1210 eum
1582 1170 1621 1208 in

143 1239 162 1271 2
192 1233 351 1272 Prusiae
382 1244 504 1283 regno
538 1244 633 1271 esse.
695 1231 736 1270 Id
769 1237 926 1282 postero
948 1230 1009 1269 die
1031 1228 1277 1268 Flamininus
1298 1227 1450 1269 senatui
1472 1226 1622 1266 detulit.

190 1289 324 1328 Patres
346 1288 581 1339 conscripti,
616 1288 681 1338 qui
704 1287 923 1326 Hannibale
956 1287 1038 1325 vivo
1070 1296 1286 1336 numquam
1307 1297 1349 1323 se
1369 1284 1454 1323 sine
1475 1283 1624 1323 insidiis

191 1346 345 1385 futuros
366 1345 653 1392 existimarent,
684 1344 831 1395 legatos
853 1344 892 1383 in
915 1343 1135 1395 Bithyniam
1158 1342 1372 1388 miserunt,
1395 1340 1434 1379 in
1456 1339 1516 1379 his
1537 1339 1623 1378 Fla-

238 1437 269 1468 3.
304 1433 419 1475 Cuius,
446 1433 623 1476 epistulae.

237 1480 437 1521 reperiebat
450 1478 508 1511 hat
522 1478 627 1511 sehon
641 1478 780 1511 Lambin
794 1481 877 1510 statt

946 1431 1064 1464 sandte
1098 1430 1157 1463 des
1191 1429 1327 1463 Prusias
1352 1427 1521 1462 besanden
1554 1427 1627 1461 sicli

947 1487 987 1509 zu
1015 1476 1073 1509 der
1097 1475 1171 1509 Zeit
1194 1477 1236 1517 (a.
1256 1486 1287 1509 u.
1307 1476 1384 1516 571,
1402 1484 1433 1506 v.
1453 1472 1527 1507 Chr.
1550 1474 1626 1508 1831

197 1524 256 1558 des
284 1524 332 1557 hs.
357 1525 614 1566 reperiebatur,
639 1523 789 1556 welches
814 1523 878 1556 sei-

195 1580 260 1603 nen
275 1568 451 1612 Ursprung
464 1579 526 1601 nur
538 1567 613 1601 dem
628 1568 877 1611 vorhergelien-

194 1614 261 1648 den
285 1615 488 1646 mirabatur
512 1613 689 1647 verdankt.

241 1662 272 1694 4.
298 1660 452 1692 Horum:
480 1659 538 1692 der
562 1658 684 1692 beiden
710 1658 877 1699 Parteien,

196 1715 262 1738 von
290 1704 397 1737 denen
423 1704 468 1736 im
487 1703 796 1746 Vorhergehenden
822 1713 878 1746 ge-

195 1749 290 1783 redet
314 1750 381 1790 ist,
417 1749 475 1782 der
499 1750 602 1782 Leute
628 1749 687 1782 des
712 1748 878 1782 Hannibal

196 1795 265 1828 und
290 1794 467 1828 Eumenes.
506 1793 581 1836 Vgl.
608 1805 649 1827 zu
674 1793 769 1827 Eum.
796 1797 833 1835 4,
863 1796 875 1827 t

198 1850 358 1882 quorum.

245 1885 402 1926 Quorum
422 1886 490 1916 vim
511 1895 542 1917 u.
563 1894 588 1917 s.
607 1895 649 1918 w.
678 1884 742 1917 wie
761 1883 879 1917 Them.

199 1933 234 1972 3,
264 1933 290 1964 1.

240 1978 334 2018 petit
374 1974 464 2007 kann
501 1974 572 2007 hier
609 1974 754 2008 Prasens
796 1974 880 2016 sein,

200 2020 361 2054 wahrend
386 2030 421 2053 es
446 2019 541 2053 Eum.
564 2021 595 2062 4,
615 2022 644 2054 3.
672 2022 703 2061 6,
722 2021 753 2061 3,
779 2029 879 2053 wenn

200 2066 240 2099 da
259 2066 352 2099 nicht
364 2066 473 2108 petiit
489 2075 530 2098 zu
547 2065 641 2098 lesen
660 2065 715 2107 ist,
734 2065 783 2098 als
803 2075 881 2098 con-

202 2111 378 2144 trahiertes
397 2110 530 2143 Persect
549 2110 722 2153 angesehn
745 2109 880 2142 werden

200 2167 303 2189 inuss.
340 2155 435 2188 Neue
461 2156 494 2190 L.
519 2155 552 2188 F.
578 2155 630 2189 112.
657 2157 722 2189 520
737 2155 759 2187 f.

247 2204 276 2235 5.
304 2211 413 2243 quare
438 2201 476 2233 id
498 2200 601 2240 fieret
616 2200 684 2233 und
710 2201 764 2243 §6
790 2210 880 2232 nova

202 2258 240 2278 re
261 2247 449 2290 perterriti
473 2245 538 2278 wie
564 2245 637 2280 Dat.
664 2248 694 2287 6,
721 2247 751 2280 6.

249 2294 279 2326 6.
303 2301 438 2334 puppes
462 2294 597 2323 vertere
614 2291 700 2324 nach
718 2291 882 2333 Analogie

203 2347 269 2370 von
295 2341 397 2378 terga
423 2339 567 2368 vertere.

250 2384 278 2415 7.
307 2381 464 2415 consilio.
500 2380 532 2414 S.
561 2392 603 2414 zu
628 2381 697 2425 Iph.
728 2383 755 2422 1,
774 2382 803 2414 2.

248 2425 306 2460 12.
348 2426 407 2459 Die
444 2426 697 2469 Veranlassung
734 2426 791 2459 der
824 2426 886 2459 Ge-

205 2471 418 2505 sandtscliast
443 2481 484 2504 an
509 2471 647 2505 Prusias
682 2471 788 2504 findet
814 2472 886 2504 sicli

206 2517 363 2558 nirgends
389 2527 426 2550 so
453 2517 518 2549 wie
544 2517 615 2550 liier
641 2517 780 2558 erzahlt,
818 2516 886 2549 und

201 2561 298 2593 :diese
340 2561 529 2605 Erziihlung
570 2562 614 2594 ist
657 2562 772 2595 falscli.
824 2561 887 2594 Ge-

947 1521 1041 1554 nicht
1065 1521 1099 1554 in
1126 1518 1227 1561 Rom,
1256 1519 1348 1553 wohl
1373 1519 1453 1552 aber
1478 1518 1537 1551 des
1563 1517 1627 1551 Eu-

947 1576 1082 1607 menes,
1117 1566 1247 1599 welche
1279 1564 1351 1597 sich
1385 1564 1467 1597 tiber
1491 1563 1627 1606 Philipp

948 1623 1014 1646 von
1053 1610 1273 1644 Macedonien
1311 1608 1513 1652 beklagten,
1549 1607 1630 1641 weil

949 1668 983 1690 er
1017 1656 1081 1689 den
1115 1656 1251 1689 Prusias
1288 1654 1332 1688 im
1366 1654 1487 1696 Kriege
1519 1663 1629 1697 gegen

950 1702 1118 1735 Eumenes
1142 1703 1349 1734 unterstiitzt
1373 1700 1467 1732 hatte
1494 1698 1629 1743 (Polyb.

949 1747 1066 1780 XXIV.
1096 1749 1124 1789 1,
1150 1748 1181 1780 4.
1230 1746 1299 1780 Liv.
1324 1744 1474 1778 XXXIX.
1499 1746 1559 1786 46,
1585 1745 1630 1785 9).

952 1792 1026 1826 Von
1045 1792 1162 1825 diesen
1179 1791 1315 1824 konnen
1334 1790 1388 1824 die
1401 1790 1525 1823 Romer
1537 1792 1632 1832 mog—

952 1838 1164 1871 licherweise
1200 1837 1254 1870 die
1290 1835 1533 1870 Anwesenheit
1573 1834 1631 1868 des

952 1883 1058 1917 Hann.
1085 1883 1138 1915 bei
1164 1882 1301 1915 Prusias
1330 1881 1484 1915 erfahren
1510 1880 1630 1917 haben,

955 1939 1055 1962 wenn
1097 1928 1145 1961 sie
1187 1927 1336 1960 dieselbe
1377 1926 1470 1959 nicht
1511 1925 1632 1958 vorlier

951 1975 1057 2007 sehon
1085 1975 1246 2014 wussten,
1272 1972 1338 2005 wie
1355 1971 1444 2005 Plut.
1467 1970 1570 2003 Flam.
1590 1972 1632 2004 2⁸)

951 2017 1069 2060 (τέλος
1108 2021 1149 2050 ὲν
1193 2017 1237 2063 τῇ
1278 2015 1441 2057 Βιθυνίᾳ
1479 2016 1633 2056 κατέστη

953 2060 1148 2108 [Ἀννίβας]
1187 2064 1373 2109 Προυσίαν
1414 2056 1635 2107 θεραπεύων

952 2105 1094 2142 οὐδενὸς
1120 2104 1306 2152 Ῥωμαίων
1326 2103 1552 2152 ἀγνοοῦντος,
1577 2102 1636 2139 ἆλ-

953 2152 995 2186 λὰ
1020 2150 1273 2200 παρορώντων
1297 2149 1473 2186 ἁπάντων
1498 2148 1547 2184 δι’
1575 2147 1636 2184 ἀσ-

956 2199 1106 2232 θένειαν
1138 2201 1198 2231 καὶ
1227 2199 1336 2244 γῆρας
1362 2193 1485 2242 ὥσπερ
1520 2197 1635 2242 ἐρριμ·

953 2247 1063 2287 μένον
1098 2240 1170 2277 ὑπὸ
1206 2244 1267 2286 τῆς
1303 2241 1421 2285 τύχης)
1458 2242 1634 2275 herichtet.

955 2290 988 2322 In
1020 2290 1125 2332 Folge
1154 2290 1253 2331 Jener
1285 2287 1547 2322 Gesandtschast
1577 2286 1636 2320 des

956 2335 1123 2368 Eumenes
1149 2334 1241 2367 ward
1266 2333 1364 2367 Titus
1390 2332 1546 2372 Quintius
1564 2331 1638 2365 Fla-

955 2380 1112 2421 mininus,
1139 2379 1197 2412 der
1221 2390 1250 2412 a.
1271 2390 1300 2413 u.
1325 2380 1402 2419 556,
1427 2388 1458 2411 v,
1478 2377 1551 2410 Chr.
1575 2379 1636 2411 198

957 2425 1082 2459 Consul
1108 2434 1267 2468 gewesen
1294 2434 1374 2464 war,
1399 2433 1474 2456 zum
1502 2422 1638 2456 Prusias

956 2469 1101 2548 {22}th
1132 2467 1530 2557 {3⁰¹''ss·ass'‘{¹.-V·n0{t
1563 2468 1636 2546 aa·

957 2560 1119 2604 gesandte
1146 2559 1268 2603 geliabt
1297 2559 1393 2599 habe,
1428 2558 1521 2592 hatte
1542 2557 1640 2591 Vale·

1747 2393 1758 2422 ‘i
