1780 2877
228 127 281 167 90
789 129 828 164 X.
854 129 965 164 DION.
991 131 1020 164 8.
1047 132 1077 164 9.

227 246 291 285 illo
325 246 530 285 interfecto
561 258 601 285 se
631 250 758 285 tutum
789 245 961 297 putabat.
1002 245 1069 284 Ille
1099 251 1229 285 autem
1259 246 1475 286 adversario
1496 252 1648 285 remoto

228 303 409 342 licentius
427 315 562 342 eorum
585 302 700 348 bona,
724 314 822 353 quos
843 302 989 341 sciebat
1005 302 1187 341 adversus
1203 315 1243 341 se
1261 303 1440 352 sensisse,
1461 302 1650 343 militibus

179 364 196 395 2
227 359 452 411 dispertivit.
494 359 644 405 Quibus
661 359 801 406 divisis,
823 371 913 398 cum
929 358 1115 398 cotidiani
1131 358 1288 397 maximi
1304 360 1443 398 fierent
1457 365 1648 411 sumptus,

175 536 193 565 3

173 1042 190 1074 10

163 1722 181 1752 5

227 416 404 455 celeriter
432 416 599 467 pecunia
630 416 762 455 deesse
792 415 940 467 coepit3
972 428 1122 466 neque,
1152 428 1229 466 quo
1259 428 1398 454 manus
1417 417 1648 468 porrigeret,

225 472 457 524 suppetebat
479 472 553 510 nisi
574 472 613 510 in
635 472 849 511 amicorum
872 473 1150 524 possessiones.
1191 472 1234 511 Id
1255 472 1445 512 eiusmodi
1465 479 1564 521 erat,
1592 478 1647 520 ut,

224 542 313 569 cum
334 529 474 568 milites
502 529 812 576 reconciliasset,
844 529 1039 568 amitteret
1059 529 1277 580 optimates.
1319 528 1494 575 Quarum
1514 541 1648 569 rerum

225 598 318 625 cura
349 585 601 637 frangebatur
630 591 668 624 et
698 586 874 625 insuetus
905 586 1003 624 male
1033 586 1214 625 audiendi
1251 598 1331 624 non
1363 585 1493 624 animo
1523 598 1647 637 aequo

224 642 372 681 ferebat
394 643 439 680 de
461 654 502 680 se
519 641 565 680 ab
588 641 633 680 iis
654 642 752 680 male
770 642 992 689 existimari,
1011 654 1179 693 quorum
1195 642 1311 694 paulo
1334 647 1423 681 ante
1439 642 1480 681 in
1498 642 1648 681 caelum

226 700 351 738 fuerat
382 698 504 736 elatus
535 697 727 737 laudibus.
776 698 923 749 Vulgus
953 704 1082 737 autem
1114 699 1261 738 offensa
1291 699 1331 738 in
1361 711 1450 738 eum
1479 698 1647 738 militum

224 756 422 794 voluntate
450 754 610 793 liberius
640 754 873 805 loquebatur
903 760 940 794 et
970 760 1182 806 tyrannum
1205 768 1285 794 non
1307 756 1512 795 serendum
1535 755 1648 795 dicti-

223 812 337 850 tabat.
377 811 482 850 Haec
504 811 567 850 ille
581 811 740 850 intuens
756 823 857 858 cum,
881 812 1207 862 quemadmodum
1224 812 1387 859 sedaret,
1409 812 1578 852 nesciret
1595 817 1646 860 et,

224 880 411 918 quorsum
428 868 647 915 evaderent,
666 867 833 915 timeret,
855 867 1076 906 Callicrates
1091 867 1260 918 quidam,
1277 868 1369 907 civis
1384 868 1645 916 Atheniensis,

223 925 289 975 qui
318 924 433 964 simul
455 937 544 963 curn
566 936 611 962 eo
634 937 679 963 ex
701 924 976 975 Peloponneso
999 924 1039 963 in
1062 923 1233 963 Siciliam
1260 930 1438 973 venerat,
1467 925 1585 964 homo
1609 931 1646 964 et

223 981 382 1020 callidus
404 986 441 1020 et
462 981 507 1019 ad
530 981 706 1020 fraudem
728 986 886 1028 acutus,
909 981 995 1020 sine
1016 981 1093 1020 ulla
1113 980 1305 1032 religione
1326 993 1370 1020 ac
1390 981 1478 1029 fide,
1500 981 1578 1020 adit
1596 982 1643 1020 ad

221 1038 386 1077 Dionem
411 1043 448 1076 et
469 1037 542 1076 ait:
565 1050 655 1077 eum
676 1050 818 1089 magno
840 1038 880 1076 in
903 1037 1078 1089 periculo
1101 1050 1184 1076 esse
1206 1042 1369 1089 propter
1385 1037 1645 1077 offensionem

219 1095 355 1146 populi
378 1101 415 1134 et
446 1094 578 1133 odium
608 1094 794 1141 militum,
827 1095 931 1146 quod
954 1094 1062 1133 nullo
1085 1094 1201 1133 modo
1224 1093 1365 1133 evitare
1386 1099 1538 1146 posset,
1569 1094 1645 1134 nisi

217 1207 342 1253 Quem
365 1208 396 1247 si
418 1207 630 1250 invenisset
651 1208 858 1256 idoneum,
887 1207 998 1247 facile
1020 1207 1198 1247 omnium
1219 1207 1371 1247 animos
1392 1208 1643 1259 cogniturum

216 1264 533 1315 adversariosque
561 1264 826 1311 sublaturum,
864 1265 968 1315 quod
1004 1263 1153 1303 inimici
1183 1264 1266 1303 eius
1295 1264 1517 1304 dissidentis
1551 1277 1643 1304 suos

216 1333 354 1360 sensus
374 1321 548 1372 aperturi
570 1321 711 1360 forent.
753 1320 834 1359 Tali
856 1321 1019 1360 consilio
1041 1320 1207 1372 probato
1240 1321 1393 1372 excepit
1412 1321 1481 1360 has
1511 1326 1642 1373 partes

217 1377 298 1428 ipse
320 1377 540 1417 Callicrates
571 1383 609 1416 et
629 1391 670 1417 se
690 1383 814 1416 armat
842 1377 1105 1429 imprudentia
1127 1377 1280 1426 Dionis;
1313 1378 1359 1417 ad
1380 1390 1470 1417 eum
1491 1377 1641 1416 interfi-

217 1434 404 1473 ciundum
421 1434 550 1473 socios
565 1434 776 1485 conquirit,
798 1434 1037 1473 adversarios
1052 1434 1134 1473 eius
1151 1434 1347 1481 convenit,
1369 1434 1641 1474 coniuratione

216 1491 433 1529 confirmat.
474 1490 563 1538 Res,
586 1491 718 1529 multis
740 1491 908 1530 consciis
930 1503 1028 1542 quae
1050 1496 1264 1542 gereretur,
1287 1490 1384 1529 elata
1406 1491 1579 1530 defertur
1594 1492 1641 1530 ad

214 1547 507 1586 Aristomachen
521 1578 529 1594 ,
551 1559 728 1586 sororem
750 1547 904 1595 Dionis,
927 1559 1168 1598 uxoremque
1190 1547 1347 1586 Areten.
1388 1547 1479 1586 Illae
1499 1547 1641 1586 timore

215 1604 444 1654 perterritae
467 1603 720 1651 conveniunt,
743 1604 855 1643 cuius
876 1604 922 1642 de
943 1603 1118 1655 periculo
1140 1603 1341 1642 timebant.
1382 1604 1431 1642 At
1445 1603 1508 1643 ille
1524 1610 1641 1656 negat

215 1672 234 1697 a
253 1659 453 1700 Callicrate
476 1660 560 1699 fieri
582 1660 654 1699 sibi
676 1660 845 1708 insidias,
868 1661 934 1699 sed
956 1661 1032 1708 illa,
1057 1673 1155 1711 quae
1176 1665 1398 1711 agerentur,
1419 1660 1504 1699 fieri
1525 1673 1638 1712 prae-

212 1715 420 1770 ceptossuo.
452 1717 633 1756 Mulieres
651 1717 771 1756 nihilo
787 1717 907 1756 setius
920 1717 1161 1756 Callicratem
1177 1717 1218 1756 in
1235 1717 1370 1756 aedem
1379 1716 1638 1768 Proserpinae

213 1772 412 1812 deducunt
441 1786 484 1812 ac
514 1774 642 1813 iurare
664 1779 811 1825 cogunt
833 1774 929 1812 nihil
950 1774 996 1812 ab
1019 1773 1083 1812 illo
1113 1773 1278 1824 periculi
1298 1774 1381 1813 fore
1402 1773 1529 1812 Dioni.
1570 1774 1638 1813 Ille

212 1829 282 1868 hac
303 1830 492 1881 religione
515 1843 595 1869 non
622 1831 738 1869 modo
762 1843 842 1869 non
866 1836 924 1869 est
944 1830 1173 1879 deterritus,
1205 1830 1273 1870 sed
1294 1831 1341 1869 ad
1362 1831 1635 1870 maturandum

211 1886 431 1926 concitatus
453 1891 522 1933 est,
542 1898 694 1933 verens,
718 1900 766 1925 ne
787 1887 896 1938 prius
912 1887 1119 1926 consilium
1135 1887 1352 1938 aperiretur
1372 1899 1498 1935 suum,
1521 1899 1636 1938 quam

161 1943 185 1978 9
216 1948 354 1982 conata
369 1943 608 1995 perfecisset.
648 1943 729 1982 Hac
746 1949 878 1983 mente
897 1944 1076 1995 proximo
1093 1943 1154 1982 die
1169 1944 1280 1991 festo,
1297 1955 1386 1982 cum
1403 1955 1423 1982 a
1438 1949 1636 1983 conventu

957 2034 1010 2066 31.
1029 2034 1082 2066 36.
1100 2031 1173 2064 Val.
1188 2030 1274 2065 Max.
1290 2030 1339 2064 ΙΙΙ.
1356 2032 1386 2072 8,
1401 2034 1430 2065 5.
1447 2031 1534 2065 Plut.
1548 2031 1634 2066 Dion

959 2079 1009 2111 17.
1024 2078 1077 2110 28.
1097 2078 1139 2110 54
1156 2076 1256 2118 flgde.
1276 2076 1347 2109 Nic.
1372 2078 1420 2110 14.
1439 2076 1561 2111 Timol.
1581 2080 1632 2111 11.

956 2132 1065 2165 comp.
1091 2121 1175 2154 Tim.
1202 2125 1236 2154 et
1260 2121 1355 2155 Aem.
1380 2121 1417 2156 P.
1443 2123 1472 2155 2.
1503 2122 1543 2156 de
1568 2133 1631 2157 ser.

956 2178 1045 2201 num.
1071 2167 1161 2200 vind.
1187 2169 1252 2201 553
1264 2166 1301 2201 D.
1333 2167 1495 2210 apophth.
1523 2167 1631 2202 176F.

955 2213 1079 2246 Athen.
1104 2211 1157 2246 XI.
1184 2212 1306 2253 508E).

1001 2259 1030 2291 2.
1055 2259 1125 2290 nisi
1150 2257 1269 2290 alicui.
1317 2256 1351 2291 S.
1377 2267 1418 2290 zu
1443 2267 1471 2291 c.
1496 2259 1529 2299 4,
1557 2260 1584 2291 1.

1000 2305 1162 2346 aperturi
1185 2302 1314 2342 forent.
1341 2301 1374 2336 S.
1392 2312 1434 2335 zu
1451 2302 1528 2346 Lys.
1548 2305 1578 2345 3,
1597 2305 1628 2338 5.

999 2350 1029 2382 3.
1060 2348 1135 2380 tali.
1184 2347 1217 2381 S.
1243 2359 1283 2381 zu
1309 2347 1427 2382 Them.
1451 2348 1482 2388 2,
1508 2349 1539 2381 8.

998 2396 1029 2427 4.
1057 2395 1224 2434 [conven.,
1243 2395 1343 2426 cuius
1360 2393 1425 2426 wie
1442 2391 1514 2426 Dat.
1534 2395 1564 2434 5,
1586 2395 1627 2434 1.]

210 2032 373 2066 Soldaten
397 2031 574 2075 geweckt,
606 2032 675 2065 und
699 2033 747 2065 sie
772 2042 886 2066 waren

209 2078 414 2119 verstimmt,
451 2088 489 2111 so
523 2077 572 2111 oft
604 2077 689 2110 Dion
725 2077 786 2111 mit
822 2078 886 2111 den

208 2123 432 2156 Geschenken
456 2122 534 2155 inne
560 2122 653 2156 hielt.

255 2169 290 2204 8.
310 2171 337 2202 1.
356 2169 398 2201 H.
412 2168 472 2200 ille
484 2170 626 2200 intuens
640 2167 705 2200 wie
717 2168 791 2201 Alc.
809 2169 841 2208 4,
859 2170 885 2201 1.

254 2224 422 2256 quorsum
441 2213 625 2246 verbinden
650 2213 711 2246 mit
739 2213 887 2245 evadere

208 2258 336 2292 Terenz
361 2258 464 2291 Andr.
486 2260 559 2296 127,
579 2261 652 2292 176.
703 2258 818 2291 Cicero
844 2257 887 2290 ad

207 2304 276 2338 Att.
302 2303 370 2338 VII.
398 2306 450 2345 17,
475 2306 505 2337 4.
529 2303 584 2337 IX.
613 2305 664 2345 18,
690 2305 720 2337 4.
756 2302 886 2336 Seneca

208 2350 306 2391 epist.
334 2351 407 2391 101,
425 2351 455 2383 8.
481 2349 646 2383 Ammian.
671 2347 770 2382 XVII.
796 2350 827 2389 3,
856 2350 883 2382 1.

208 2394 291 2428 XXI.
320 2397 370 2436 13,
397 2397 426 2428 9.
464 2394 508 2428 Ε5
532 2394 576 2427 ist
594 2394 666 2427 dies
689 2394 783 2427 mehr
808 2393 883 2426 dem

207 2449 316 2473 sermo
342 2439 490 2482 vulgaris
515 2440 612 2482 eigen
638 2439 688 2472 als
713 2437 806 2482 qum]

254 2484 468 2517 Callicrates.
504 2484 620 2518 Dieser
636 2483 774 2517 Mensch
792 2484 883 2517 hiess

208 2529 299 2561 nicht
327 2540 376 2571 so,
406 2530 549 2563 sondern
578 2529 751 2572 Callippus
776 2529 881 2570 (Dem.

208 2573 353 2607 XXXVI.
380 2576 400 2617 ξ
427 2577 478 2609 59.
504 2575 537 2608 L.
557 2575 577 2618 ξ
595 2577 647 2609 47.
674 2574 769 2609 Diod.
796 2574 880 2608 XVI.

998 2441 1028 2472 5.
1062 2441 1113 2470 est
1144 2439 1333 2471 deterritus
1361 2456 1407 2462 -—
1432 2440 1630 2471 concitatus

953 2487 1003 2515 est
1035 2484 1098 2516 wie
1134 2484 1197 2526 Ag.
1231 2485 1261 2526 8,
1295 2485 1314 2516 2
1347 2486 1437 2516 tecta
1468 2487 1555 2516 esset
1583 2503 1628 2536 -Ι-

952 2532 1039 2561 esset
1062 2531 1204 2562 iniecta.

995 2573 1032 2609 9.
1059 2576 1087 2607 1.
1113 2576 1143 2607 2.
1180 2573 1264 2607 Dass
1281 2572 1339 2607 das
1357 2573 1499 2606 Zimrner
1523 2573 1627 2607 hoch-
