1780 2877
147 161 236 201 1230
668 160 771 195 XXV.
797 159 995 194 ATTICUS.
1021 161 1073 193 21.

156 280 201 318 ad
223 290 384 319 suorum
409 288 644 329 quemquam
674 276 822 314 litteras
848 275 969 321 misit
998 275 1093 326 quin
1116 274 1244 313 Attico
1275 275 1466 324 mitteret,
1496 276 1589 326 quid

156 341 309 388 agelet,
340 335 378 373 in
410 334 568 386 pli,mis
602 333 692 384 quid
723 333 871 384 legeret
902 306 1154 394 quibusque
1146 344 1184 369 m
1218 331 1315 370 locis
1345 337 1383 370 et
1404 332 1590 383 quamdiu

107 406 114 413 ·
156 398 258 433 esset
278 397 523 438 moraturus,
554 391 619 429 sed
648 390 782 437 etiam,
814 401 903 429 cum
925 394 1026 428 esset
1056 388 1095 427 in
1120 387 1218 427 urbe
1249 393 1287 426 et
1315 394 1479 440 propter
1498 390 1589 429 infi-

157 450 258 489 nitas
278 461 368 489 suas
390 447 670 498 occupationes
690 447 823 486 minus
854 458 989 509 saepe
1021 457 1136 496 quam
1159 445 1292 492 v‚ellet
1324 445 1452 484 Attico
1481 446 1589 486 frue-

156 512 278 555 retur,
309 505 441 545 nullus
463 504 545 543 dies
565 509 711 543 temere
734 502 975 550 intercessit
1007 515 1083 553 quo
1106 515 1186 541 non
1210 502 1256 541 ad
1279 514 1367 541 eum
1389 502 1590 551 scriberet,

158 576 247 603 cum
268 563 385 602 modo
408 560 551 612 aliquid
575 561 622 599 de
644 561 877 611 antiquitate
894 560 940 598 ab
961 572 1007 598 eo
1029 559 1262 610 requireret,
1283 559 1400 598 modo
1423 559 1591 620 aliquam

158 620 430 672 quaestionem
447 617 641 669 poeticam
660 617 694 656 ei
710 622 967 669 proponeret
988 615 1212 655 interdum
1203 628 1339 655 iocans
1356 615 1439 655 eius
1451 610 1593 655 verbs)-

158 677 282 716 siores
305 676 461 715 eliceret
484 674 681 726 epistulas.
724 673 779 712 Ex
804 686 881 724 quo
904 673 1054 720 accidit,
1078 685 1166 712 cum
1189 673 1294 712 aedis
1311 673 1412 712 Iovis
1428 672 1592 712 Feretrii

158 734 198 772 in
223 732 435 785 Capitolio,
467 731 514 769 ab
537 730 707 770 Romulo
731 730 966 778 constituta,
998 734 1189 768 vetustate
1210 735 1326 781 atque
1351 729 1505 769 incuria
1526 730 1594 769 de-

157 796 259 829 tecta
289 789 575 841 prolaberetur,
608 793 651 827 ut
680 787 797 827 Attici
826 786 1029 826 admonitu
1059 785 1198 825 Caesar
1229 799 1313 825 eam
1341 787 1592 826 reficiendam

157 852 324 886 curaret.
376 845 513 896 Neque
541 857 634 884 vero
664 858 683 883 a
713 845 764 883 M.
786 844 960 883 Antonio
991 843 1123 882 minus
1152 842 1293 882 absens
1321 843 1460 882 litteris
1489 843 1594 882 cole-

158 904 287 951 batur,
309 903 405 941 adeo
427 908 469 941 ut
493 907 673 941 accurate
694 902 758 941 ille
781 914 827 940 ex
847 901 1010 940 ultumis
1031 900 1158 946 terris.
1191 900 1281 951 quid
1299 905 1450 951 ageret,
1478 912 1595 939 curae

110 968 123 975 ⁷
158 960 231 999 sibi
260 960 423 999 haberet
453 959 662 998 certiorem
692 959 819 998 facere
850 958 1034 997 Atticum.
1083 957 1168 996 Hoc
1200 957 1313 1008 quale
1344 956 1412 1004 sit,
1445 956 1597 996 facilius

159 1016 393 1056 existimabit
415 1016 459 1063 is,
491 1015 557 1066 qui
578 1016 750 1055 iudicare
771 1015 930 1067 poterit,
962 1019 1131 1066 quantae
1154 1014 1202 1053 sit
1224 1013 1438 1066 sapientiae
1460 1025 1597 1052 eorum

157 1074 330 1112 retinere
352 1085 465 1112 usum
487 1073 902 1123 benevolentiamque,
936 1072 1041 1110 inter
1063 1084 1162 1122 quos
1185 1070 1443 1110 maximarum
1463 1082 1597 1109 rerum

160 1143 241 1169 non
264 1130 390 1170 solum
415 1129 643 1178 aemulatio,
676 1131 743 1169 sed
767 1129 997 1169 obtrectatio
1022 1133 1130 1167 tanta
1151 1127 1440 1175 intercedebat,
1472 1139 1597 1178 quan-

158 1194 237 1226 tam
259 1187 330 1227 fuit
355 1185 521 1240 [meidel
524 1183 560 1239 e]
583 1200 743 1226 necesse
766 1187 870 1225 inter
891 1186 1095 1225 caesarem
1117 1191 1234 1236 atque
1255 1184 1485 1232 Antonium,
1507 1195 1597 1223 cum

160 1257 200 1283 se
221 1249 389 1294 uterque
418 1242 640 1294 piincipem
663 1257 744 1283 non
767 1243 893 1283 solum
915 1242 1025 1282 urbis
1046 1242 1213 1289 Romae,
1246 1242 1312 1281 sed
1337 1241 1443 1280 orbis
1473 1246 1598 1280 terra-

160 1313 248 1340 rum
272 1313 357 1339 csse
379 1312 503 1352 cupel
507 1305 555 1338 et

275 1357 357 1395 Tali
388 1357 505 1396 modo
539 1368 628 1395 cum
651 1369 702 1394 vn
726 1362 763 1395 et
783 1369 857 1395 Lxx
888 1368 1014 1394 annos
1045 1355 1281 1406 complesset
1309 1360 1426 1405 atque
1455 1354 1500 1392 ad
1532 1366 1598 1392 ex·

161 1420 326 1453 tremam
348 1419 594 1453 senectutem
617 1426 698 1452 non
720 1413 852 1453 minus
869 1412 1057 1464 dignitate
1080 1424 1195 1462 quam
1217 1411 1338 1462 gratia
1360 1411 1599 1461 fortunaque

162 1471 345 1510 crevisset
377 1471 533 1519 (multas
566 1470 672 1508 enim
703 1470 940 1508 hereditates
969 1468 1073 1507 nulla
1104 1468 1175 1506 alia
1206 1480 1249 1506 re
1277 1479 1391 1519 quam
1423 1467 1600 1506 bonitate

207 1549 295 1591 qnid
316 1567 360 1571 —
385 1551 602 1580 moraturus.
650 1546 771 1580 Hierzu
803 1547 845 1579 ist

160 1594 226 1627 wie
252 1605 293 1627 zu
312 1593 376 1626 den
394 1592 695 1635 vorhergehenden
710 1591 845 1625 Verben

163 1639 328 1672 Octavian
356 1639 507 1680 Subject.

209 1687 238 1718 2.
266 1684 376 1716 vellet.
415 1683 447 1717 S.
462 1695 503 1716 zu
521 1683 639 1715 Them.
655 1685 686 1724 4,
701 1685 730 1715 3.

208 1732 238 1763 3.
265 1729 374 1762 aedis.
412 1728 572 1761 Priscian.
586 1727 668 1760 VIII.
687 1730 719 1769 4,
742 1730 780 1760 17
807 1727 844 1761 Η.

163 1774 255 1808 suhrt
273 1785 332 1807 aus
347 1774 463 1817 Nepos
481 1784 522 1806 an
540 1774 637 1806 aedis
650 1773 778 1805 Martis
796 1776 845 1804 est

164 1822 200 1852 in
227 1822 321 1852 circo
338 1820 522 1853 Flaminio
548 1820 786 1851 architectata
805 1819 847 1850 ab

162 1865 381 1898 Hermodoro
407 1864 617 1897 Salaminio.
655 1863 688 1897 S.
704 1863 799 1897 Neue
813 1863 846 1896 L.

163 1911 197 1944 F.
212 1910 250 1943 12.
274 1912 346 1944 180.
381 1909 492 1943 Ueber
509 1909 563 1942 die
582 1909 691 1942 Sache
708 1908 847 1942 Liv.1v.

164 1958 218 1998 20,
238 1958 266 1988 7.
304 1955 395 1989 Mon.
413 1955 538 1998 Ancyr.
559 1957 591 1996 4,
611 1958 640 1988 5.

210 2003 247 2033 in
275 2001 459 2044 Capitolio.
499 2000 531 2034 S.
557 2011 598 2033 zu
624 1999 746 2034 Timol.
766 2001 797 2041 3,
816 2001 846 2033 3.

209 2049 240 2081 4.
266 2046 423 2079 ultumis,
460 2045 539 2079 Hier
563 2046 621 2078 hat
647 2045 720 2078 sich
748 2048 847 2078 unter

164 2091 239 2124 dem
259 2091 407 2125 Schutze
425 2091 483 2124 der
501 2091 678 2134 Corruptel
697 2091 754 2124 der
771 2089 846 2125 Hss.

165 2137 251 2170 eoeal
268 2141 339 2170 tum
359 2138 471 2179 (oum)
491 2138 545 2169 his
563 2138 639 2178 (iis)
659 2136 719 2169 das
741 2135 846 2168 altere

164 2193 187 2215 u
225 2182 284 2215 des
319 2182 532 2226 Superlativs
573 2182 700 2214 ebenso
738 2180 848 2214 sicher

166 2228 316 2261 erhalten
330 2228 394 2261 wie
404 2227 523 2269 Milt.5,
533 2229 552 2261 3
567 2229 803 2270 apertissuma
813 2226 847 2258 in

166 2273 241 2306 dem
259 2273 433 2307 sinnlosen
451 2283 547 2305 nona
566 2274 684 2315 partis
699 2282 847 2305 summa.

167 2318 270 2352 Sonst
295 2319 340 2352 ist
366 2318 437 2351 dies
464 2329 486 2350 a
513 2320 597 2351 statt
622 2320 635 2349 i
658 2317 714 2351 bei
731 2317 847 2360 Nepos

166 2364 253 2397 noch
283 2364 333 2397 hs.
360 2364 529 2406 gesichert
553 2362 625 2396 Alc.
653 2365 684 2404 6,
711 2365 741 2397 3.
768 2365 789 2397 4
813 2363 847 2395 in

167 2409 337 2442 lacrumo.
363 2409 439 2452 Vgl.
457 2409 646 2442 Brambach
664 2408 734 2442 Lat.
754 2407 847 2441 Orth.

213 2509 319 2531 curae
342 2501 410 2532 sibi
435 2501 586 2532 haberet.
630 2498 674 2531 Es
699 2500 848 2540 genfigte

166 2554 276 2576 curae
300 2546 445 2577 haberet
468 2544 550 2578 oder
574 2544 629 2576 illi
654 2546 750 2583 (statt
775 2543 849 2585 ille)

167 2600 276 2621 curae
293 2593 388 2622 esset.
414 2589 529 2623 Indess
543 2589 649 2622 findet
663 2588 735 2622 sich
749 2589 848 2630 jener

166 2634 235 2667 und
253 2634 408 2667 ²‹ihnliche
426 2635 649 2669 Pleonasmen
674 2634 845 2667 mitunter.

916 1545 1022 1579 Varro
1049 1545 1089 1577 de
1115 1556 1139 1577 r.
1166 1548 1248 1577 rust.
1272 1544 1294 1578 1.
1317 1547 1346 1587 1,
1365 1546 1384 1578 2
1408 1555 1473 1586 me,
1497 1547 1539 1576 ut
1561 1543 1600 1576 id

916 1592 1006 1623 mihi
1023 1592 1171 1622 habeam
1189 1600 1307 1631 curae,
1324 1600 1443 1632 rogas.
1466 1589 1598 1622 Caelius

916 1637 949 1669 h.
964 1636 1030 1669 Cic.
1046 1635 1086 1668 ad
1106 1635 1182 1668 fam.
1198 1634 1278 1668 VIII.
1296 1636 1327 1677 8,
1345 1637 1385 1668 10
1412 1645 1468 1668 eos
1485 1636 1551 1667 tibi
1568 1637 1602 1666 et

917 1692 1001 1722 rem,
1027 1682 1070 1713 de
1087 1691 1157 1722 qua
1176 1682 1264 1722 misi,
1289 1681 1393 1713 velim
1414 1691 1522 1713 curae
1539 1681 1600 1712 Ιια-

919 1729 1008 1759 beas.
1043 1726 1116 1759 Gas.
1143 1726 1183 1758 de
1207 1725 1240 1759 b.
1265 1725 1351 1759 Gall.
1369 1725 1419 1759 111.
1438 1727 1469 1768 2,
1487 1728 1506 1759 5
1531 1726 1600 1758 sibi

913 1782 1123 1815 persuasum
1150 1772 1334 1805 habebant.
1359 1771 1392 1805 b.
1417 1770 1511 1814 Hisp.
1530 1772 1561 1812 2,
1577 1772 1598 1804 4

916 1828 1029 1859 neque
1047 1820 1244 1859 equitatum
1261 1818 1330 1849 sibi
1340 1816 1521 1859 praesidio
1539 1817 1600 1849 luz-

918 1865 1003 1896 buit,
1039 1864 1093 1903 22,
1112 1864 1130 1896 S
1157 1873 1271 1905 neque
1294 1862 1489 1895 sibialiam
1505 1871 1600 1905 spem

917 1910 1090 1940 victoriae
1113 1910 1333 1951 propositam
1357 1909 1495 1941 habere.

964 1957 994 1987 5.
1008 1953 1176 1986 incidere.
1192 1953 1236 1986 Es
1250 1956 1379 1987 musste
1391 1952 1600 1995 wenigstens

918 1999 1137 2031 intercedere
1166 1998 1301 2032 heissen
1335 2000 1375 2040 (s.
1402 1997 1486 2031 auch
1513 2007 1540 2030 c.
1567 1999 1598 2033 5,

916 2047 946 2078 4.
969 2047 1021 2085 17,
1036 2046 1080 2084 2).
1109 2044 1169 2077 Die
1192 2043 1394 2085 Erganzung
1419 2042 1599 2076 desselben

918 2100 977 2123 aus
1007 2089 1083 2122 dem
1115 2088 1416 2131 vorhergehenden
1450 2091 1602 2120 interce-

918 2135 1022 2167 debat
1061 2134 1250 2177 entspricht
1294 2134 1373 2167 aber
1422 2144 1484 2167 nur
1525 2133 1600 2166 dem

919 2180 1023 2213 durch
1056 2179 1246 2212 zahlreiche
1270 2178 1441 2222 Beispiele
1467 2181 1602 2212 consta-

919 2226 1043 2258 tierten
1062 2224 1363 2268 Sprachgebrauch
1389 2224 1450 2258 des
1474 2223 1600 2267 Nepos.

919 2270 952 2303 S.
973 2270 1197 2313 Sprachgebr.
1217 2273 1247 2303 5.

964 2314 1022 2351 21.
1050 2319 1078 2349 1.
1106 2317 1271 2349 bonitate.
1310 2315 1343 2350 S.
1363 2325 1405 2348 zu
1431 2325 1459 2349 c.
1479 2316 1510 2356 9,
1530 2317 1558 2347 1.

965 2361 1189 2396 hereditates.
1215 2361 1260 2394 Es
1278 2371 1349 2394 war
1373 2360 1429 2393 bei
1455 2360 1519 2393 den
1536 2359 1602 2392 Rc>-

917 2417 1012 2440 mern
1039 2406 1146 2448 Sitte,
1181 2407 1258 2440 dass
1287 2406 1467 2449 beguterte
1497 2404 1601 2438 Leute

918 2453 1013 2485 ihren
1022 2452 1199 2486 Freunden
1213 2451 1294 2486 oder
1302 2450 1460 2492 Solchen,
1469 2449 1600 2483 welche

918 2498 1020 2530 ihnen
1030 2497 1168 2531 Dienste
1181 2497 1346 2531 erwiesen
1354 2497 1482 2537 hatten,
1492 2499 1600 2529 etwas

917 2543 1147 2585 vermachten,
1173 2553 1229 2577 um
1252 2543 1302 2576 sie
1319 2540 1466 2575 dadurch
1485 2551 1525 2574 zu
1544 2541 1601 2574 eh-

917 2599 986 2621 ren.
1016 2588 1082 2621 Cic.
1098 2599 1130 2631 p.
1142 2588 1275 2627 Quinct.
1289 2589 1383 2628 4,14.
1402 2585 1601 2625 Phil.11.16,

917 2636 971 2667 40.
991 2633 1032 2666 ad
1047 2633 1279 2674 sam.XlH,6l.
1299 2631 1599 2666 Tac.Ann.111.76.
