1780 2877
230 143 312 182 224

740 144 842 179 XXV.
869 144 1067 179 ATTICUS.
1107 148 1157 179 14.

236 274 351 313 quam
375 260 579 300 nonnullis
600 260 682 299 leve
699 259 823 299 visum
847 259 894 298 iri
914 265 1064 311 putem,
1087 272 1176 299 cum
1199 260 1240 298 in
1262 260 1400 310 primis
1420 262 1548 302 lautus
1570 268 1673 302 esset

233 330 354 370 eques
373 317 575 356 Romanus
597 322 636 356 et
657 330 739 356 non
771 329 912 368 parum
939 316 1151 355 liberaliter
1172 317 1334 356 domum
1361 330 1472 358 suam
1493 318 1672 358 omnium

234 375 419 414 ordinum
448 374 628 413 homines
658 373 860 419 invitaret,
893 370 1071 427 [scimus]
1104 386 1185 412 non
1216 373 1384 425 amplius
1413 388 1530 426 quam
1559 381 1673 415 terna

232 432 338 471 milia
358 443 558 483 peraeque
579 431 620 469 in
642 431 820 482 singulos
841 443 999 470 menses
1015 443 1061 469 ex
1079 430 1328 481 ephemeride
1345 443 1434 470 eum
1454 445 1673 485 expensum

183 495 201 526 7
231 488 407 540 sumptui
438 488 540 527 ferre
570 487 741 527 solitum.
783 488 911 539 Atque
940 488 1014 526 hoc
1037 500 1118 526 non
1142 486 1338 534 auditum,
1371 489 1439 528 sed
1469 490 1673 541 cognitum

233 545 520 598 praedicamus:
543 556 658 595 saepe
681 545 787 583 enim
810 549 975 596 propter
991 544 1293 583 familiaritatem
1309 545 1534 585 domesticis
1553 545 1672 586 rebus

166 603 212 639 14
234 601 497 642 interfuimus.
539 601 663 640 Nemo
686 601 726 639 in
749 601 925 640 convivio
949 601 1033 641 eius
1054 601 1157 640 aliud
1189 613 1369 641 acroama
1390 602 1534 641 audivit
1555 614 1673 654 quam

232 665 498 710 anagnosten;
530 658 635 708 quod
666 671 739 697 nos
770 657 928 708 quidem
958 658 1284 697 iucundissimum
1306 659 1563 699 arbitramur:
1601 672 1672 698 ne-

234 729 310 767 que
331 727 518 766 umquam
541 714 626 753 sine
647 715 777 765 aliqua
797 714 966 753 lectione
988 715 1092 766 apud
1113 727 1202 753 eum
1223 721 1408 755 cenatum
1429 722 1499 764 est,
1525 721 1569 755 ut
1590 729 1672 755 non

185 777 203 809 2
232 773 363 811 minus
383 771 516 810 animo
539 784 654 822 quam
677 777 813 810 ventre
836 771 1022 810 convivae
1049 771 1350 811 delectarentur.
1399 773 1576 825 Namque
1606 786 1674 812 eos

232 829 413 876 vocabat,
446 841 615 879 quorum
638 841 768 868 mores
789 841 809 867 a
831 828 912 868 suis
934 841 1017 867 non
1039 827 1312 867 abhorrerent.
1356 829 1453 868 Cum
1474 835 1582 869 tanta
1603 842 1673 881 pe-

232 885 373 925 cuniae
395 886 495 924 facta
518 890 620 925 esset
640 885 825 933 accessio,
850 885 948 924 nihil
969 885 1017 924 de
1033 884 1231 924 cotidiano
1249 885 1358 924 cultu
1378 887 1552 935 mutavit,
1578 886 1675 926 nihil

233 943 279 982 de
301 943 400 981 vitae
423 943 734 990 consuetudine,
758 947 947 993 tantaque
968 955 1064 982 usus
1085 947 1143 981 est
1164 942 1458 991 moderatione,
1480 947 1524 982 ut
1544 956 1674 995 neque

233 999 273 1038 in
295 1000 477 1039 sestertio
502 999 638 1048 vicies,
670 1000 775 1051 quod
797 1012 818 1038 a
839 1005 950 1051 patre
971 1004 1197 1050 acceperat,
1229 1012 1369 1050 parum
1399 1012 1440 1039 se
1469 999 1673 1052 splendide

234 1056 399 1108 gesserit
422 1069 553 1107 neque
575 1057 615 1095 in
638 1057 819 1096 sestertio
850 1056 1000 1095 centies
1028 1056 1254 1095 affluentius
1274 1056 1433 1104 vixerit,
1467 1069 1584 1108 quam
1612 1056 1674 1095 in-

232 1113 425 1161 stituerat,
450 1113 615 1164 parique
637 1113 790 1165 fastigio
812 1113 963 1153 steterit
985 1113 1024 1152 in
1048 1119 1214 1164 utraque
1236 1114 1407 1152 fortuna.
1448 1113 1585 1153 Nullos
1605 1113 1674 1152 ha-

231 1169 318 1209 buit
352 1170 509 1217 hortos,
548 1170 696 1209 nullam
732 1171 1001 1209 suburbanam
1030 1175 1096 1208 aut
1132 1169 1367 1209 maritimam
1403 1175 1675 1222 sumptuosam

232 1247 344 1280 haben
378 1258 442 1279 nec
476 1257 538 1280 vor
568 1248 827 1281 Consonanten:
865 1248 919 1281 die

234 1293 346 1335 obtge,
372 1292 472 1326 Paus.
499 1295 529 1334 4,
550 1296 580 1326 6.
613 1292 732 1326 Them.
752 1296 782 1335 2,
800 1296 831 1328 4.
858 1294 917 1337 Ep.

232 1341 264 1379 7,
279 1340 310 1379 3,
329 1337 382 1370 die
400 1337 525 1371 beiden
542 1338 687 1371 letztern
705 1339 765 1372 mit
783 1339 842 1372 der
853 1338 920 1372 Va-

232 1383 340 1416 riante
365 1394 490 1426 neque.

280 1439 495 1471 quamquam
512 1449 555 1453 ——
571 1433 702 1472 putem.
730 1429 762 1463 S.
776 1440 817 1463 zu
833 1429 916 1462 Milt.

235 1476 273 1516 2,
298 1477 328 1508 3.
506 1495 509 1498 ·
747 1477 754 1491 .-

277 1522 407 1552 .seimus
431 1520 476 1553 ist
501 1520 562 1553 mit
586 1519 695 1553 Recht
720 1520 827 1553 schon
850 1531 918 1552 von

233 1564 362 1598 Dubois
392 1565 442 1598 als
474 1565 528 1598 ein
553 1565 817 1608 ungeschicktes
842 1565 920 1598 Ein-

234 1611 403 1644 schiebsel
430 1611 620 1644 betrachtet
646 1611 795 1644 worden.

278 1656 398 1698 milia,
431 1656 532 1689 nami.
559 1655 734 1698 Sesterze,
761 1666 850 1698 was,
877 1655 917 1689 da

233 1711 274 1734 zu
300 1701 410 1735 dieser
435 1701 508 1734 Zeit
542 1702 759 1743 gewohnlich
788 1701 917 1734 danach

234 1747 419 1788 gerechnet
445 1747 537 1780 ward
564 1747 682 1788 (daher
706 1747 792 1780 auch
818 1758 918 1779 num—

232 1802 312 1825 mus
324 1809 368 1821 =
381 1794 589 1833 sestertius),
615 1793 652 1825 os
655 1797 704 1825 ter
730 1793 919 1835 weggelas-

233 1847 293 1870 sen
320 1837 414 1870 wird.

279 1893 472 1925 ewpensam
497 1882 595 1921 ferre
619 1883 665 1916 ist
689 1882 743 1915 ein
766 1882 919 1925 h'aufiger

234 1927 413 1961 Terminus
433 1928 620 1970 technicus,
644 1928 799 1961 welchen
814 1928 919 1962 Asco-

233 1973 309 2007 nius
334 1984 375 2006 zu
395 1972 486 2006 Verr.
509 1973 531 2006 Ι.
556 1975 608 2015 39,
630 1975 693 2008 102
719 1976 768 2015 si,
794 1976 919 2016 quibus

229 2021 421 2061 pecuniam
445 2019 623 2061 credebas,
648 2021 702 2052 his
725 2030 918 2062 ert-pensam

232 2075 305 2096 non
328 2064 444 2104 serres
469 2075 583 2107 neque
607 2067 645 2097 in
671 2068 751 2098 tuas
781 2065 918 2098 tabulas

230 2110 345 2142 ullum
369 2121 497 2143 nomen
519 2109 685 2149 refert-es,
710 2111 772 2144 mit
790 2122 919 2153 emperi-

231 2166 309 2187 sum
324 2155 423 2195 ferre
440 2159 491 2188 est
505 2158 661 2189 scribere
676 2168 712 2188 se
726 2158 918 2199 pecaniam

233 2201 366 2233 dedisse
400 2201 545 2235 erklart:
578 2196 642 2235 ‘als
667 2202 826 2244 Ausgabe
858 2201 919 2234 bu-

233 2244 328 2279 chen‘
356 2246 438 2280 oder
461 2247 534 2280 hier
557 2247 691 2280 einfach
706 2243 916 2290 ‘ausgeben'.

232 2291 409 2325 Natfirlich
442 2292 487 2325 ist
522 2303 583 2325 nur
613 2303 681 2325 von
712 2292 777 2326 den
810 2292 918 2335 regel-

232 2337 404 2380 massigen
429 2338 613 2380 Ausgaben
646 2338 706 2371 des
734 2337 917 2371 Haushalts

233 2382 287 2415 die
312 2382 415 2415 Rede.

279 2439 324 2460 eoe
347 2429 587 2471 ephemeride:
611 2425 667 2462 ‘zu
684 2428 812 2471 Folge',
832 2424 918 2462 ‘laut

233 2473 360 2506 seinem
386 2471 593 2517 Tagebuch'.
626 2474 732 2516 Hand,
763 2474 915 2509 Turs.11.

234 2519 297 2551 658
318 2519 339 2552 f.
367 2521 488 2553 8—10.

276 2562 336 2596 14.
364 2567 392 2598 1.
420 2576 599 2599 acroama.
636 2566 681 2599 Es
699 2576 769 2598 war
786 2565 914 2598 damals

233 2607 434 2656 allgemeine
462 2610 548 2643 Sitte
575 2611 633 2644 der
658 2611 817 2651 Reichen,
845 2611 915 2643 ihre

989 1247 1192 1290 Tischgi‘iste
1209 1247 1315 1281 durch
1331 1247 1458 1291 fippige
1473 1247 1589 1281 Musik
1605 1247 1674 1281 und

991 1293 1165 1335 Gesange,
1198 1293 1303 1326 durch
1333 1290 1573 1337 Schauspieler'
1606 1292 1675 1327 und

992 1338 1246 1372 Possenreisser
1270 1349 1311 1372 zu
1335 1339 1560 1373 unterhalten.
1586 1337 1673 1371 Mar-

991 1383 1113 1427 quardt
1137 1394 1166 1418 a.
1186 1394 1215 1418 a.
1234 1383 1271 1417 Ο.
1292 1384 1315 1417 1.
1334 1385 1399 1418 348
1417 1384 1440 1416 s.

1036 1432 1067 1462 2.
1085 1433 1197 1471 tanta,
1215 1429 1320 1462 durch
1337 1429 1390 1462 die
1406 1429 1586 1462 Erbschaft
1604 1439 1672 1462 von

990 1474 1119 1507 seinem
1144 1474 1274 1509 Oheim.
1316 1473 1364 1507 Da
1389 1484 1424 1507 er
1448 1474 1553 1508 durch
1578 1474 1673 1508 diese

990 1520 1075 1552 nach
1101 1530 1129 1554 e.
1149 1521 1213 1561 5‚2
1240 1530 1281 1552 zu
1308 1520 1436 1553 seinem
1461 1519 1672 1553 vaterlichen

989 1564 1181 1607 Vermogen
1216 1567 1359 1597 circiter
1390 1567 1524 1597 centies
1550 1568 1674 1597 sester-

989 1613 1076 1642 tium.
1109 1610 1247 1651 erhielt‚
1282 1621 1320 1643 so
1351 1610 1397 1643 ist
1428 1610 1481 1644 die
1511 1610 1673 1654 folgende

988 1656 1129 1698 Angabe
1164 1659 1200 1688 in
1225 1658 1387 1688 sestertio
1415 1658 1546 1689 centies
1579 1656 1671 1689 nicht

988 1712 1108 1744 genau.

1028 1748 1116 1788 pari
1126 1746 1276 1789 fastigio
1289 1749 1438 1780 steterit.
1463 1746 1576 1786 Quint.
1590 1746 1669 1781 lust.

989 1803 1035 1825 or.
1051 1791 1118 1826 ΧΙΙ.
1139 1795 1166 1833 1,
1185 1794 1227 1826 20
1251 1794 1387 1825 stetisse
1405 1792 1610 1826 Ciceronem
1632 1793 1673 1824 in

987 1836 1139 1880 fastigio
1171 1838 1395 1880 eloquentiae
1426 1837 1494 1871 und
1526 1838 1615 1871 oben
1642 1848 1670 1871 e.

992 1885 1044 1925 10,
1065 1885 1083 1916 2
1116 1885 1155 1916 in
1179 1894 1314 1916 summo
1340 1887 1455 1916 essent
1482 1886 1547 1916 aut
1567 1882 1672 1922 fasti-

985 1932 1141 2008 ?iffia‘t'i'sst
1161 1929 1419 2017 ‘gssfflwgvoff
1437 1928 1672 2007 &¹3¹3ssssssss

990 2020 1055 2053 wie
1079 2031 1143 2052 suo
1167 2020 1312 2061 iudicio,
1338 2020 1472 2052 vitibus
1487 2021 1561 2051 suis
1576 2022 1673 2051 stare

988 2064 1253 2107 Veranlassung.
1286 2064 1412 2107 Drager
1434 2063 1473 2098 H.
1490 2064 1524 2098 S.
1541 2063 1577 2097 Ι2
1593 2067 1671 2099 555.

1034 2113 1064 2144 3.
1091 2110 1174 2143 Dass
1192 2110 1328 2143 Atticus
1352 2110 1407 2143 ein
1433 2109 1673 2143 Suburbanum

989 2156 1093 2197 hatte,
1109 2155 1234 2189 wissen
1250 2155 1311 2188 wir
1321 2166 1382 2189 aus
1393 2155 1460 2188 Cic.
1469 2155 1512 2188 ad
1523 2155 1594 2188 Att.
1604 2155 1672 2189 ΧΠ.

989 2203 1043 2241 36,
1058 2203 1088 2234 3.
1108 2203 1162 2243 38,
1180 2203 1208 2235 1.
1227 2203 1282 2243 40,
1296 2204 1325 2235 5.
1350 2200 1423 2234 Wir
1445 2203 1583 2234 mussen
1598 2200 1670 2234 also

988 2246 1162 2280 entweder
1195 2247 1404 2288 annehmen‚
1441 2246 1520 2280 dass
1555 2245 1672 2289 Nepos

989 2292 1082 2325 nicht
1099 2302 1205 2335 sagen
1220 2292 1302 2334 will,
1320 2292 1456 2326 Atticus
1469 2291 1556 2325 habe
1570 2290 1670 2325 keine

989 2337 1077 2370 Villa
1105 2338 1159 2371 bei
1184 2337 1243 2370 der
1263 2337 1367 2376 Stadt
1392 2337 1474 2371 oder
1498 2347 1552 2370 am
1567 2335 1670 2378 Meer,

987 2383 1133 2417 sondern
1163 2394 1243 2425 nur,
1279 2393 1315 2416 er
1338 2383 1426 2416 habe
1450 2382 1551 2416 keine
1575 2381 1671 2415 kost-

986 2429 1131 2472 spielige
1156 2428 1215 2462 der
1239 2428 1301 2462 Art
1325 2428 1451 2472 gehabt
1477 2427 1567 2469 (eine
1593 2428 1670 2461 sehr

987 2473 1183 2508 kiinstliche
1210 2474 1448 2516 Erklarungzj,
1485 2472 1566 2506 oder
1591 2472 1670 2506 dass

985 2520 1121 2553 Atticus
1152 2521 1234 2561 jene
1270 2519 1359 2552 Villa
1395 2518 1451 2552 bei
1482 2517 1541 2551 der
1571 2517 1670 2552 Stadt

988 2565 1080 2598 nicht
1104 2565 1205 2608 lange
1230 2565 1348 2598 besass
1379 2563 1448 2597 und
1473 2563 1588 2607 Nepos
1614 2563 1668 2597 die

986 2609 1095 2643 Sache
1120 2620 1304 2653 vergessen
1330 2609 1434 2644 hatte.
