1780 2877
756 596 829 649 II.

552 698 798 755 EXOURS
836 700 1043 754 I—VII.

210 792 285 830 (aus
309 789 524 834 Nipperdeys
552 789 1001 874 Sp-ilcileginSaltelrgpiHin
1028 792 1183 826 Cornelio
1210 792 1356 836 Nepote,

623 846 683 868 ena
735 856 749 868 .„
782 859 783 865 κ
810 856 852 860 —
968 863 974 869 .

760 972 826 1021 I.*)

180 1050 305 1094 Lys.4,
321 1051 340 1083 3
364 1049 468 1081 Hunc
485 1049 684 1093 Lysander,
710 1051 853 1083 domum
881 1062 959 1084 eum
984 1052 1142 1093 redisset,
1166 1055 1355 1094 postquam
1383 1053 1424 1084 de
1440 1055 1515 1084 suis

65 1098 170 1128 rebus
183 1097 296 1138 gestis
313 1095 412 1138 apud
428 1097 627 1128 maa-imum
644 1098 910 1139 magistratum,
937 1108 1027 1139 quae
1046 1097 1231 1138 voluerat,
1246 1097 1401 1139 dimerat,
1420 1100 1516 1130 testi-

66 1143 182 1174 monii
207 1141 284 1173 Ioco
310 1140 441 1173 librum
467 1152 488 1173 a
506 1142 740 1174 Pharnabazo
768 1142 889 1175 datum
916 1143 1078 1175 tradidit.
1117 1142 1215 1184 Sunt,
1242 1142 1299 1186 qui
1317 1143 1415 1175 dia-it
1432 1144 1515 1176 scri-

66 1186 216 1220 bendum
250 1186 476 1227 contendant,
509 1187 884 1230 plusquamperfectum
915 1188 1052 1222 librario
1079 1188 1120 1221 ad
1148 1188 1312 1220 voluerat
1336 1189 1514 1222 aberrante

67 1236 180 1266 ortum
206 1242 282 1266 esse
306 1231 527 1265 affirmantes.
570 1232 717 1266 Facilius
744 1233 845 1266 etiam
873 1238 943 1267 erat
969 1234 1125 1266 librarios
1152 1244 1311 1267 accusare
1328 1233 1426 1268 Dion.
1443 1236 1474 1276 9,
1493 1236 1514 1267 4

65 1279 116 1311 At
140 1278 215 1320 illi,
248 1282 289 1311 ut
313 1278 421 1310 limen
447 1279 522 1310 eius
547 1280 752 1320 intrarant,
784 1278 926 1318 foribus
951 1281 1123 1312 obseratis
1147 1282 1184 1311 in
1212 1279 1302 1311 Ieeto
1328 1281 1514 1312 cubantem

65 1324 253 1356 invadunt.
303 1323 443 1356 Constat
475 1324 541 1356 iam
577 1324 664 1357 inter
690 1335 807 1357 omnes
833 1325 1020 1368 particulae
1044 1329 1232 1368 postquam
1263 1335 1397 1368 semper
1422 1325 1515 1368 plus-

67 1368 360 1413 quamperfectum
394 1369 549 1411 adiungi,
583 1380 660 1402 cum
694 1373 823 1403 eertum
852 1371 1070 1404 intervallum
1096 1370 1282 1411 iudicetur,
1316 1374 1395 1414 post
1422 1370 1513 1414 quod

6 1446 11 1453 ,
67 1414 196 1458 aliquid
222 1415 349 1448 sactum
375 1414 430 1455 sit,
458 1415 553 1448 cuius
579 1415 626 1447 rei
652 1415 928 1459 frequentissima
955 1420 1033 1449 sunt
1057 1416 1232 1459 exempla:
1259 1415 1404 1459 Nepotis
1423 1426 1440 1449 a
1458 1427 1512 1449 me

68 1460 212 1494 collecta
239 1459 408 1504 spicilegii
434 1460 555 1503 prioris
580 1471 612 1503 p.
639 1463 694 1503 42,
721 1461 845 1504 quibus
871 1461 1062 1495 addendum
1088 1462 1157 1495 Att.
1184 1463 1239 1503 22,
1259 1463 1277 1495 3
1306 1462 1431 1504 Itaque
1457 1462 1514 1494 die

69 1508 215 1549 quinto,
245 1509 436 1549 postquam
461 1506 501 1538 id
525 1506 710 1539 eonsilium
736 1509 880 1549 inierat,
907 1508 1064 1540 decessit.
1114 1507 1249 1550 Reliqui
1274 1507 1357 1549 loci,
1389 1507 1512 1551 quibus

66 1551 441 1596 plusquamperfectum
469 1562 543 1585 cum
570 1552 633 1585 hac
658 1552 824 1595 particula
852 1556 885 1586 et
911 1553 1044 1595 ceteris,
1079 1563 1166 1596 quae
1192 1552 1332 1586 eandem
1360 1553 1512 1596 regulam

67 1599 267 1641 sequuntur,
294 1597 521 1640 componitur,
548 1597 697 1631 nondum
724 1599 807 1631 satis
834 1601 990 1632 accurate
1016 1603 1095 1632 sunt
1117 1599 1269 1631 tractati:
1296 1598 1396 1632 nimis
1423 1599 1513 1632 enim

68 1643 191 1676 leviter
214 1642 303 1675 hanc
329 1643 565 1686 quaestionem
591 1643 703 1686 attigit
728 1643 879 1677 Handius
904 1644 1048 1677 Turseli.
1075 1643 1130 1677 IV.
1156 1646 1233 1678 499.
1284 1644 1333 1678 Ac
1367 1644 1512 1688 primum

68 1688 204 1732 quidem
235 1688 429 1722 necessario
461 1688 835 1731 plusquamperfectum
869 1690 1022 1733 ponitur,
1057 1700 1146 1723 cum
1184 1689 1398 1733 apodosis
1436 1691 1513 1724 hoc

66 1737 239 1778 tempus
265 1734 418 1767 hahet:
446 1734 503 1777 qui
529 1734 617 1767 enim
645 1734 752 1776 aliter,
784 1735 876 1778 quod
901 1739 980 1768 ante
1003 1736 1070 1769 hoc
1094 1738 1230 1779 tempus
1257 1735 1384 1769 sactum
1410 1741 1512 1777 esset,

68 1779 342 1823 significaretur‘.>
366 1779 462 1813 velut
489 1779 579 1823 apud
605 1780 788 1813 Caecilium
815 1779 961 1813 Statium
988 1782 1030 1814 44
1057 1780 1151 1813 Nam
1175 1783 1206 1813 si
1229 1781 1297 1823 illi,
1321 1785 1514 1824 postquam

67 1836 142 1858 rem
165 1829 354 1868 paternam
380 1827 586 1868 amiserant,
613 1829 766 1868 egestate
796 1826 1057 1869 aliquantisper
1082 1828 1213 1858 iactati
1234 1825 1379 1867 forent,·
1410 1827 1512 1870 Nep.

68 1871 157 1904 Alc.
178 1873 209 1913 6,
228 1872 247 1904 2
274 1870 367 1903 Nam
390 1875 577 1914 postquam
604 1874 784 1904 eoeereituz'
803 1883 972 1914 praeesse
997 1875 1170 1914 coeperat,
1195 1882 1308 1913 neque
1334 1875 1431 1904 terra
1455 1883 1515 1904 ne-

68 1928 135 1960 que
158 1918 255 1949 mari
278 1918 393 1949 hostes
415 1927 522 1959 pares
547 1928 618 1949 esse
636 1921 857 1960 potuerant;
883 1917 964 1950 Sall.
991 1918 1062 1951 Cat.
1089 1919 1143 1958 24,
1170 1919 1188 1951 3
1212 1920 1304 1960 post,
1330 1918 1392 1949 ubi
1416 1920 1515 1950 aetas

69 1963 312 1995 tantummodo
347 1965 514 2004 quaestui
543 1973 657 2005 neque
689 1963 857 1996 Iua‘uriae
890 1963 1034 1995 modum
1069 1962 1224 2003 fecerat,
1263 1973 1321 1995 aes
1357 1963 1513 1996 alienum

63 2008 207 2051 grande
238 2009 506 2048 eonslaverant;
538 2008 610 2051 lug.
641 2010 719 2050 ¹08,
750 2011 763 2042 1
799 2009 854 2041 Ibi
885 2019 964 2041 eum
996 2009 1137 2041 Boccho
1170 2007 1330 2041 Numida
1366 2009 1513 2051 quidam

67 2055 188 2097 Aspar
215 2055 359 2096 nomine
391 2054 543 2086 multum
575 2057 609 2086 et
639 2053 878 2093 familt'ariter
911 2056 1059 2097 agebat,
1090 2056 1308 2097 praemissus
1338 2055 1371 2096 (i.
1399 2065 1427 2089 e.
1455 2054 1512 2098 qui

69 2099 276 2143 praemissus
302 2102 386 2139 erat)
413 2101 455 2132 ab
482 2100 671 2142 Iugurtha,
690 2104 880 2142 postquam
901 2100 1039 2134 Sullam
1057 2102 1212 2133 accitum
1229 2100 1406 2133 audierat.
1439 2100 1512 2134 Huc

68 2144 267 2178 referendus
294 2147 347 2178 est
371 2145 474 2178 etiam
501 2145 673 2179 Ciceronis
699 2146 796 2179 locus
821 2146 863 2179 de
888 2146 968 2189 imp.
995 2146 1052 2179 Cn.
1079 2145 1199 2189 Pomp.
1225 2147 1256 2187 9,
1275 2147 1317 2179 25
1343 2157 1415 2179 non
1439 2146 1514 2185 fuit

69 2202 108 2223 eo
134 2193 337 2232 contentus,
372 2191 468 2233 quod
492 2193 524 2223 ei
545 2195 692 2234 praeter
715 2202 811 2235 spem
837 2193 1034 2234 acciderat,
1066 2195 1108 2224 ut
1132 2192 1247 2233 illam,
1276 2194 1513 2235 posteaquam

63 2236 192 2280 pulsus
217 2239 304 2277 erat,
331 2239 464 2269 terram
488 2247 658 2279 umquam
683 2240 899 2280 attingeret:
924 2238 1008 2271 haec
1031 2237 1118 2271 enim
1139 2237 1180 2270 ad
1198 2238 1380 2270 acciderat
1398 2237 1512 2270 referri

70 2284 221 2326 apparet.
270 2281 398 2314 Deinde
424 2282 798 2326 plusquamperfectum
824 2293 958 2327 semper
982 2283 1129 2327 ponitur,
1156 2283 1230 2317 ubi
1259 2284 1422 2316 iterata
1447 2293 1512 2316 res

71 2339 89 2361 c
100 2338 160 2360 om
171 2337 355 2361 memora
367 2330 450 2369 tur,
476 2330 513 2360 ut
531 2338 547 2360 a
564 2327 630 2361 Cic.
646 2327 740 2362 Verr.
756 2328 810 2362 IV.
828 2331 858 2371 3,
874 2333 892 2363 5
914 2329 1110 2362 Messanam
1127 2332 1168 2361 ut
1185 2330 1333 2371 quisque
1350 2332 1512 2361 nostrum

69 2376 225 2415 venerat,
251 2374 338 2406 llaec
362 2375 474 2405 visere
497 2373 652 2414 solebat‚·
678 2373 706 2406 N
718 2385 777 2418 ep.
793 2374 821 2406 A
833 2375 841 2407 l
855 2385 882 2408 c.
901 2376 929 2418 1,
948 2378 967 2408 4
986 2375 1090 2416 idem,
1107 2374 1258 2407 simulac
1275 2386 1311 2406 se
1327 2376 1515 2407 remiserat

18 2448 20 2451 .
69 2430 184 2462 neque
209 2429 316 2452 eausa
340 2420 500 2461 suberat,
528 2430 592 2452 cur
617 2422 732 2452 animi
756 2420 912 2453 laborem
932 2420 1130 2463 perferret,
1156 2420 1378 2462 Iuceustosus,
1404 2420 1514 2453 disso-

71 2466 178 2506 lutus,
204 2464 431 2507 libidinosus,
456 2467 699 2508 intemperans
722 2468 990 2509 repen-iebatam
1021 2465 1102 2499 Sall.
1130 2465 1200 2499 Cat.
1227 2468 1258 2507 6,
1286 2469 1304 2499 5
1328 2469 1427 2509 post,
1451 2466 1514 2498 ubi

68 2510 233 2554 pericula
262 2512 397 2543 virtute
429 2511 680 2554 propulerant,
714 2513 820 2544 sociis
845 2516 951 2555 alque
975 2514 1101 2544 amieis
1126 2511 1268 2544 aua-ilia
1288 2513 1514 2554 portabant,-

70 2558 102 2598 9,
118 2557 137 2590 3
162 2556 316 2589 audaez'a
341 2559 377 2588 in
405 2556 504 2599 bello,
531 2558 594 2589 ubi
613 2567 693 2600 pax
717 2561 892 2599 evenerat,
918 2559 1101 2600 aequitate
1118 2567 1222 2599 seque
1238 2567 1384 2599 remque
1395 2557 1514 2601 publi-

184 2648 217 2689 *)
243 2646 359 2691 spicil.
385 2647 421 2680 11.
452 2650 479 2690 1,
506 2649 627 2682 8-11,
