1780 2877
752 117 924 153 EXCURS
954 118 1004 153 Vl.
1520 118 1600 157 245

161 233 204 265 ab
227 242 266 264 eo
288 231 509 274 postularet:
532 234 747 275 primum—
764 232 892 265 deinde
918 233 1062 274 obsides,
1088 243 1176 275 quos
1200 234 1345 266 liaberet
1367 237 1410 267 ab
1436 236 1602 279 Haeduis,

158 277 324 311 redderet
341 276 586 320 Sequanisque
600 280 837 321 permitteret,
862 281 914 319 ut,
940 289 1027 320 quos
1045 278 1101 310 illi
1118 280 1299 320 baberent,
1325 280 1510 313 voluntate
1528 285 1602 315 eius

159 323 308 356 reddere
331 322 405 355 illis
430 323 575 364 liceret;
600 324 632 358 h.
652 334 680 356 c.
699 323 721 356 l.
741 325 772 365 2,
791 325 810 356 3
835 326 877 354 ut
901 323 947 355 M.
970 323 1139 365 Calidius,
1164 326 1227 366 qui
1248 327 1421 366 censebat,
1446 330 1486 358 ut
1502 329 1602 360 Pom-

153 370 260 412 peius
291 370 330 401 in
359 379 442 401 suas
464 371 671 412 provincias
689 368 1006 411 proficisceretur:
1042 373 1165 402 timere
1191 369 1375 403 Caesarem
1405 374 1536 414 ereptis
1561 375 1602 405 ab

159 425 199 447 eo
225 414 363 447 duabus
388 415 602 457 legionibus,
635 425 680 447 ne
704 414 753 447 ad
775 416 852 446 eius
873 414 1076 456 perieulum
1100 426 1285 448 reservare
1309 419 1344 448 et
1365 418 1520 450 retinere
1547 429 1604 451 eas

159 460 207 493 ad
232 461 355 493 urbem
379 461 568 503 Pompeius
592 460 785 493 videretur.
827 459 907 492 Sall.
927 459 997 503 lug.
1017 462 1071 503 62,
1094 463 1105 494 l
1135 465 1254 494 monet
1277 465 1384 505 atque
1409 462 1604 496 lacrimans

161 507 360 539 obtestatur
384 505 568 548 (Bomilcar
591 505 820 548 Iugurtham:
855 505 1008 548 sequitur
1040 506 1176 550 longior
1209 508 1317 542 oratio
1343 507 1483 551 obliqua
1510 513 1542 542 et
1568 510 1602 542 in

160 553 233 585 eius
259 551 327 585 fine
354 555 488 594 caveat,
512 562 557 583 ne
581 551 644 583 illo
670 553 860 583 cunctante
885 550 1065 585 Numidae
1089 554 1158 585 sibi
1182 554 1382 586 consulant.
1430 553 1488 587 His
1514 555 1603 588 enim

157 597 245 631 locis
270 597 442 639 subiecta,
468 597 510 630 ad
535 606 623 640 quae
649 606 836 640 pronomen
861 596 1166 632 demonstrativum
1192 599 1354 642 refertur,
1384 600 1497 643 posita
1523 605 1603 634 sunt

158 644 193 676 in
219 643 374 677 oratione
399 642 538 685 obliqua
565 652 583 675 a
608 642 726 684 verbo,
753 643 849 676 cuius
876 643 968 676 aliud
990 647 1041 677 est
1060 644 1263 687 subiectum,
1289 648 1380 688 apta,
1405 646 1453 679 ita
1471 648 1508 679 ut
1525 647 1605 680 sub-

159 690 285 722 iectum
319 688 488 721 enuntiati
521 687 670 731 primarii
703 688 914 731 remotioris,
948 689 1009 722 sed
1042 690 1238 734 principalis
1271 691 1434 724 maiorem
1467 691 1536 724 vim
1570 693 1604 725 in

159 734 271 768 animo
305 733 486 767 scribentis
519 743 675 767 exercere
708 734 858 777 potuerit
893 745 996 778 quam
1030 736 1197 769 enuntiati
1229 736 1285 770 vel
1316 737 1503 770 accusativi
1528 748 1604 771 cum

158 779 331 814 infinitivo
358 779 431 813 eius
456 779 570 813 locum
597 780 757 821 tenentis,
784 790 851 823 quo
877 781 1102 823 enuntiatum,
1128 782 1161 814 in
1188 793 1255 825 quo
1281 783 1432 825 positum
1458 786 1510 816 est
1528 794 1605 827 pro-

158 836 283 859 nomen
309 825 629 867 demonstraffivum,
655 825 814 869 pertinet.
857 824 925 859 Sed
949 826 1013 859 hac
1039 837 1176 870 quoque
1195 828 1359 862 orationis
1376 827 1485 862 forma
1502 829 1605 873 longe

159 871 474 915 frequentissimum
500 874 551 904 est
577 874 611 904 et
636 881 700 904 usu
725 875 919 914 receptum,
946 875 983 904 ut
1008 882 1196 915 pronomen
1220 873 1422 907 reflexivum
1448 878 1603 918 ponatur.

274 916 457 950 Rarissime
483 920 596 950 autem
622 915 672 958 fit,
697 919 736 949 ut
760 917 794 949 in
818 916 870 959 iis,
896 927 983 960 quae
1001 918 1198 952 accusativo
1217 929 1294 952 cum
1311 918 1482 953 infinitivo
1501 931 1606 954 enun-

160 963 297 1004 tiantur,
323 962 420 995 cuius
445 961 535 994 aliud
561 964 614 995 est
639 961 830 995 subiectum
854 965 957 1006 atque
974 963 1070 996 verbi
1089 964 1322 998 accusativum
1340 976 1417 999 cum
1434 965 1605 1000 infinitivo

158 1008 320 1052 regentis,
346 1008 411 1041 hoc
428 1007 523 1040 verbi
541 1007 692 1050 regentis
715 1008 907 1041 subiectum
933 1007 1146 1051 significetur
1170 1011 1369 1053 pronomine
1395 1011 1606 1045 demonstra-

160 1055 242 1088 tivo.
285 1052 372 1087 Sunt
398 1056 511 1086 tamen
537 1053 638 1086 huius
662 1053 710 1086 rei
736 1057 827 1087 certa
854 1054 1059 1097 optimorum
1086 1055 1289 1098 scriptorum
1312 1057 1477 1100 exempla.
1520 1057 1606 1090 Nam

157 1103 196 1134 ut
213 1099 330 1143 Nepos
356 1098 441 1132 dixit
458 1098 543 1133 Milt.
562 1101 594 1140 4,
620 1101 639 1131 5
667 1100 803 1132 civibus
827 1102 989 1132 animum
1015 1111 1250 1143 accessurum,
1275 1112 1353 1134 cum
1378 1103 1541 1135 viderent
1565 1103 1607 1135 de

159 1155 282 1178 eorum
306 1147 440 1177 virtute
464 1155 537 1177 non
563 1145 757 1187 desperari,
783 1145 830 1179 ita
854 1145 922 1180 Cic.
949 1146 1016 1179 div.
1042 1146 1077 1179 in
1103 1146 1199 1180 Caec.
1233 1150 1258 1189 l,
1284 1149 1302 1180 2
1332 1158 1384 1180 me
1407 1159 1512 1191 saepe
1537 1160 1608 1181 esse

155 1191 376 1235 pollicitum,
407 1201 511 1234 saepe
536 1190 732 1223 ostendisse
756 1191 938 1233 dicebant,
969 1194 1000 1224 si
1024 1192 1120 1234 qaod
1146 1196 1283 1235 tempus
1306 1194 1512 1236 accidisset,
1538 1205 1607 1237 quo

159 1241 316 1281 tempore
340 1236 482 1279 aliquid
498 1247 519 1269 a
536 1247 590 1268 me
606 1239 843 1279 requirerent,
869 1238 1062 1270 commodis
1078 1249 1201 1270 eorum
1217 1249 1272 1270 me
1289 1249 1360 1271 non
1379 1239 1607 1281 defuturum,-

160 1282 253 1316 Verr.
271 1282 307 1315 ll.
327 1284 381 1324 62,
412 1285 471 1316 151
499 1282 594 1315 nolle
619 1283 685 1315 boc
710 1286 871 1326 accipere
894 1294 995 1316 reum
1021 1285 1063 1316 ab
1089 1287 1309 1327 accusatore,
1335 1288 1368 1317 et
1393 1296 1471 1317 eum
1495 1296 1607 1328 reum,

160 1330 223 1371 qui
252 1331 404 1371 praetor
438 1330 475 1360 in
502 1328 627 1360 Sicilia
651 1327 787 1370 fuerit,
820 1332 982 1362 oratores
1007 1331 1039 1361 ei
1063 1333 1219 1362 statuam
1242 1341 1307 1363 sua
1334 1330 1514 1363 voluntate
1537 1336 1608 1364 sta-

158 1376 276 1416 tuisse,
301 1376 465 1407 oratores
483 1374 526 1406 de
543 1384 583 1405 eo
601 1375 686 1406 bene
703 1376 933 1416 earistimare5
959 1375 1054 1410 Caes.
1072 1375 1104 1409 b.
1123 1386 1150 1409 e.
1170 1375 1219 1410 ΙΠ.
1239 1378 1292 1419 28,
1312 1379 1332 1410 4
1355 1376 1502 1409 Tirones
1519 1377 1607 1409 mul-

159 1420 314 1453 titudine
337 1421 484 1452 navium
504 1422 697 1462 perterriti
721 1423 755 1451 et
777 1420 854 1452 salo
878 1432 1082 1463 nauseaque
1107 1421 1263 1460 confecti
1277 1424 1359 1454 iure
1375 1423 1530 1456 iurando
1549 1434 1607 1455 ac-

158 1469 277 1509 cepto,
302 1465 397 1498 nihil
420 1467 465 1498 iis
490 1467 675 1498 nocituros
699 1466 829 1509 hostes,
860 1477 896 1498 se
924 1466 1076 1499 Otacilio
1101 1467 1332 1509 dedicimmt,
1367 1467 1407 1501 de
1434 1479 1502 1512 quo
1528 1468 1605 1502 loco

158 1512 276 1545 statim
301 1510 429 1554 aliquid
455 1510 592 1549 addam;
619 1511 689 1544 Liv.
708 1511 826 1546 XXXI.
850 1514 900 1554 11,
928 1514 964 1545 12
992 1515 1150 1555 iussique
1171 1513 1338 1556 polliceri
1363 1514 1480 1557 (legati
1505 1513 1607 1548 Masi-

158 1557 304 1599 nissae),
328 1559 360 1589 si
384 1557 472 1599 quid
496 1559 528 1589 ei
553 1557 601 1589 ad
623 1557 843 1597 firmandum
868 1558 1144 1601 augendumque
1167 1569 1318 1601 regnam
1345 1570 1432 1603 opus
1458 1571 1529 1592 esse
1553 1562 1608 1593 in-

158 1604 321 1644 dicasset,
346 1605 452 1634 enioee
477 1602 517 1634 id
535 1602 709 1645 populum
727 1602 926 1636 Romanum
949 1607 1074 1637 merito
1101 1606 1176 1636 eius
1197 1608 1489 1648 praestaturam
1515 1606 1605 1640 Curi.

157 1648 212 1682 Vl.
240 1651 270 1689 7,
297 1650 339 1682 20
365 1650 551 1690 cognoscit
574 1647 853 1691 Satibarzanen,
879 1660 981 1692 quem
1004 1654 1184 1693 satrapem
1207 1652 1381 1684 Ariorum
1406 1653 1480 1694 ipse
1502 1663 1607 1695 prae-

156 1694 306 1736 fecisset,
325 1693 494 1733 defecisse
510 1695 552 1726 ab
571 1705 630 1734 60,-
658 1696 709 1735 11,
729 1695 748 1727 8
767 1705 788 1727 α
806 1698 967 1737 corporis
984 1697 1188 1729 custodibus
1205 1698 1349 1729 initium
1371 1696 1511 1736 factum
1536 1698 1608 1730 cla-

158 1741 338 1773 mantibus
370 1740 641 1783 discerpendum
673 1750 744 1771 esse
773 1741 999 1782 parricidam
1028 1743 1192 1774 manibus
1215 1753 1349 1776 eorum.
1398 1742 1518 1787 Neque
1542 1743 1608 1777 hoc

158 1786 279 1820 mirum
298 1788 357 1819 aut
373 1785 504 1819 ratione
525 1785 738 1819 destitutum.
781 1785 866 1819 Nam
892 1786 1109 1820 accusativus
1134 1797 1210 1820 cum
1234 1787 1405 1822 infinitivo
1432 1799 1508 1822 cum
1534 1799 1608 1822 ora-

159 1831 263 1865 tionis
281 1831 389 1864 forma
407 1841 485 1874 pars
502 1831 546 1864 sit
563 1830 742 1873 enuntiati,
769 1832 939 1865 sententia
958 1835 1070 1865 tamen
1094 1832 1268 1875 proprium
1294 1833 1507 1867 enuntiatum
1534 1833 1608 1867 effi-

159 1878 220 1916 cit;
245 1877 362 1920 itaque
379 1877 463 1910 haec
481 1877 648 1920 exempla,
672 1876 708 1909 in
726 1876 850 1920 quibus
868 1878 1037 1911 sententia
1056 1877 1165 1920 magis
1183 1888 1285 1921 quam
1311 1878 1419 1912 forma
1443 1879 1608 1912 orationis

159 1925 314 1967 spectata
333 1925 396 1964 est,
414 1922 508 1955 nulla
524 1933 559 1956 re
577 1933 596 1955 a
614 1922 845 1966 superioribus
864 1923 1034 1957 differunt.
1073 1922 1197 1957 Iniuria
1214 1923 1319 1966 igitur
1336 1927 1371 1957 et
1387 1924 1445 1957 alii
1463 1928 1497 1958 et
1514 1923 1608 1958 Mad-

158 1969 284 2012 vigius,
309 1978 411 2011 quem
429 1971 567 2001 secutus
586 1971 639 2001 est
656 1967 822 2011 Hertzius,
849 1968 932 2001 Livii
951 1969 1066 2002 locum
1089 1968 1189 2012 plane
1214 1969 1379 2003 vitiosum
1403 1969 1606 2004 iudicarunt.

158 2014 285 2048 Eadem
310 2014 441 2047 ratione
460 2013 599 2057 Nepos
617 2013 818 2056 Agesilai
842 2014 959 2057 loco,
985 2025 1004 2048 a
1023 2025 1090 2058 quo
1108 2015 1195 2048 hanc
1213 2014 1479 2058 disputationem
1497 2016 1608 2049 exorsi

161 2070 291 2102 sumus,
307 2070 383 2093 cum
402 2059 600 2093 accusativo
616 2070 693 2093 cum
709 2059 882 2095 infinitivo
901 2062 1011 2094 liostis
1024 2071 1098 2094 non
1116 2061 1317 2094 credituros
1335 2061 1496 2104 aliasque
1512 2063 1608 2104 regi-

161 2116 244 2138 ones
265 2105 459 2148 praesidiis
484 2109 722 2149 occupaturos
746 2117 858 2149 neque
883 2107 1112 2140 dubitaturos
1133 2106 1261 2150 proprii
1279 2107 1446 2140 enuntiati
1463 2107 1532 2140 vim
1551 2107 1609 2140 tri-

160 2151 292 2193 bueret,
316 2151 351 2183 in
367 2151 421 2193 iis,
448 2161 534 2194 quae
552 2151 630 2185 inde
648 2151 809 2195 pendent,
836 2153 938 2186 aliud
952 2163 1031 2185 eum
1048 2152 1245 2195 factarum,
1271 2163 1313 2185 ac
1329 2155 1608 2196 pronuntiasset,

160 2197 309 2231 scribere
333 2196 454 2229 maluit
479 2206 559 2229 eum
584 2207 686 2241 quam
709 2209 761 2239 se,
787 2198 834 2231 ita
859 2201 897 2232 ut
922 2208 1110 2242 pronomen
1136 2198 1178 2231 ad
1202 2198 1392 2242 proximum
1416 2199 1609 2233 subiectum

161 2244 270 2276 hostis
294 2241 585 2283 accommodaret,
615 2253 682 2276 non
708 2243 751 2276 ad
775 2244 966 2278 subiectum
993 2244 1150 2287 superius
1175 2244 1271 2277 verbi
1295 2244 1388 2277 vidit
1411 2245 1607 2278 universum

159 2288 343 2322 verborum
368 2287 534 2321 ambitum
558 2288 720 2330 regentis.

277 2333 395 2367 Simile
421 2336 484 2375 est,
510 2333 602 2376 quod
626 2334 807 2378 participio
832 2334 887 2368 vel
913 2334 1084 2368 adiectivo
1100 2335 1157 2368 vel
1175 2335 1335 2368 ablativis
1353 2335 1519 2368 absolutis
1540 2334 1609 2368 adi-

161 2379 249 2414 citur
272 2389 461 2424 pronomen
479 2378 795 2423 demonstrativum,
821 2391 889 2424 quo
909 2381 1100 2414 subiectum
1119 2380 1297 2423 enuntiati,
1323 2381 1419 2414 cuius
1437 2380 1515 2414 illae
1534 2390 1609 2424 par-

161 2428 213 2459 tes
238 2428 329 2468 sunt,
354 2423 582 2468 significetur;
610 2424 652 2458 de
678 2436 745 2469 quo
769 2436 833 2460 usu
850 2429 943 2460 recte
959 2426 1125 2460 iudicavit
1142 2429 1177 2460 et
1193 2425 1236 2459 ad
1253 2426 1416 2460 orationis
1433 2437 1494 2470 pro
1513 2425 1609 2460 Sulla

162 2473 216 2513 29,
243 2473 282 2506 81
314 2471 379 2505 Cui
405 2481 484 2504 cum
509 2470 631 2511 adfuit
650 2474 731 2514 post
756 2472 910 2505 delatam
934 2473 982 2505 acl
1007 2482 1085 2504 eum
1106 2474 1263 2515 primam
1289 2472 1387 2505 illam
1413 2473 1610 2505 coniurati-

163 2527 263 2550 onem
287 2517 372 2551 haec
397 2516 553 2560 exempla
579 2516 720 2559 collegit
744 2516 912 2551 Halmius:
939 2529 972 2561 p.
989 2517 1059 2551 Mil.
1085 2520 1133 2560 15,
1152 2519 1194 2552 39
1218 2520 1292 2561 ipse
1318 2521 1466 2551 cunctae
1482 2518 1609 2551 ltaliae

162 2565 321 2606 cupienti
345 2567 380 2596 et
403 2565 478 2596 eius
502 2562 608 2602 sidem
627 2562 841 2605 imploranti
855 2565 1000 2606 signum
1016 2563 1124 2606 dedit,
1149 2563 1203 2597 ΒΓ.
1222 2566 1276 2606 61,
1295 2565 1360 2598 220
1379 2567 1505 2597 orator
1522 2566 1611 2596 vivis

161 2610 237 2641 eius
261 2609 470 2651 aequalibus
490 2610 682 2651 promimus
707 2611 849 2652 optimis
873 2611 1151 2652 numerabatur,
1187 2609 1272 2654 Nep.
1298 2609 1333 2643 in
1359 2609 1477 2654 fragm.
1504 2609 1606 2644 Guel-

874 2704 888 2719 ἢ,
