1780 2877
635 112 701 147 VII.
727 109 987 145 ALCIBIADES.
1016 113 1044 144 1.
1504 107 1556 146 57

124 231 245 271 multa
275 229 485 269 crudeliter
513 241 703 281 avareque
732 228 887 268 fecisset
919 228 1044 278 (leque
1072 225 1132 264 his
1153 223 1272 264 rebus
1294 225 1560 276 suspicaretur

126 289 171 328 ad
193 288 295 327 cives
316 299 408 326 suos
431 298 514 326 esse
535 286 749 338 perlatum,
780 285 892 336 petiit
913 297 933 322 a
955 282 1228 330 Pharnabazo,
1258 286 1302 320 ut
1322 282 1368 320 ad
1391 283 1560 333 ephoros

127 345 200 386 sibi
222 343 493 384 testimonium
515 343 635 390 daret,
659 348 804 393 quanta
827 341 1030 380 sanctitate
1048 339 1193 378 bellum
1212 338 1395 390 gessisset
1412 340 1559 377 socios-

128 414 203 454 que
222 406 427 441 tractasset
449 400 575 451 deque
597 412 639 438 ea
659 412 702 437 re
724 404 903 437 accurate
920 397 1128 437 scriberet:
1152 407 1334 447 magnam
1352 395 1457 434 enim
1479 395 1562 434 eius

127 459 397 499 auctoritatem
430 457 470 496 in
503 469 545 495 ea
576 468 619 495 re
641 456 827 495 futuram.
869 454 970 493 Huic
1007 454 1070 492 ille
1101 453 1312 492 liberaliter
1333 452 1562 504 pollicetur:
1584 458 1601 490 2

126 516 272 556 librum
288 515 476 568 grandem
492 513 620 552 verbis
638 512 772 551 multis
793 511 1041 563 conscripsit,
1063 510 1102 549 in
1127 510 1269 561 quibus
1290 510 1454 549 summis
1474 521 1563 549 eum

127 574 201 613 fert
232 572 423 612 laudibus.
466 570 592 616 Quem
623 582 711 609 cum
742 569 900 621 legisset
924 568 1226 620 probassetque‚
1259 568 1351 606 dum
1373 567 1563 618 signatur.

128 631 292 669 alterum
307 628 391 681 pari
406 627 677 678 magnitudine
693 632 800 665 tanta
821 626 1087 671 similitudine,
1110 630 1153 663 ut
1175 624 1344 664 discerni
1367 636 1448 663 non
1472 636 1564 676 pos-

129 694 199 734 set,
226 687 423 738 signatum
445 684 624 731 subiecit,
646 684 686 723 in
710 696 786 735 quo
810 683 1100 722 accuratissime
1123 682 1206 721 eius
1228 681 1425 720 avaritiam
1447 681 1566 733 persi-

128 744 308 794 (liamque
330 747 543 781 accusarat.
584 741 700 781 Hunc
722 741 934 793 Lysander,
956 741 1117 779 domum
1139 751 1226 778 cum
1250 739 1433 787 redisset,
1455 743 1565 790 post·
1585 744 1603 775 3

129 813 244 852 quam
276 800 322 839 de
354 799 434 838 suis
463 799 582 838 rebus
613 798 732 850 gestis
764 798 866 849 apud
896 798 1107 836 maximum
1143 796 1432 847 magistratum⁷
1470 808 1567 847 quae

127 858 315 902 voluerat,
336 857 497 903 dixerat,
520 855 736 895 testimonii
753 855 840 894 loco
859 855 1003 894 librum
1025 867 1045 893 a
1062 854 1312 893 Pharnabazo
1336 854 1467 892 datum
1489 858 1569 891 tra-

130 915 238 953 didit.
280 914 397 953 Hunc
418 918 615 952 summoto
638 913 838 964 Lysandro
862 924 950 951 cum
975 911 1111 963 ephori
1133 916 1394 961 cognossent,
1417 910 1490 961 ipsi
1513 910 1569 947 le-

131 972 302 1024 gendum
326 971 532 1009 dederunt.
575 970 630 1008 Ita
653 969 715 1008 ille
738 970 968 1021 imprudens
989 969 1071 1020 ipse
1094 981 1187 1007 suus
1209 967 1282 1005 fuit
1303 972 1520 1006 aecusator.

246 1086 498 1131 Ammamss,
525 1082 671 1122 Cliniae
692 1083 807 1130 filius,
830 1082 1093 1121 Atheniensis.
1135 1082 1178 1120 In
1202 1081 1290 1128 hoc,
1314 1080 1406 1131 quid
1430 1086 1569 1120 natura
1592 1079 1659 1118 VII

133 1143 288 1181 efficere
312 1141 453 1193 possit7
485 1140 638 1179 videtur
660 1145 832 1192 experta.
876 1139 1037 1179 Constat
1059 1139 1164 1177 enim
1186 1139 1290 1177 inter
1312 1150 1472 1185 omnes,
1505 1137 1571 1189 qui

133 1201 179 1239 de
211 1211 257 1238 eo
279 1198 491 1237 memoriae
512 1197 793 1249 prodiderunt.¹
825 1197 922 1236 nihil
944 1197 1008 1235 illo
1031 1196 1151 1235 fuisse
1173 1195 1429 1235 excellentius
1449 1194 1510 1234 vel
1531 1194 1570 1233 in

131 1256 232 1296 vitiis
260 1255 321 1294 vel
350 1256 389 1294 in
421 1254 642 1293 virtutibus.
683 1255 804 1294 Natus
829 1254 868 1292 in
893 1253 1130 1305 amplissima
1152 1253 1305 1292 civitate
1327 1264 1480 1291 summo
1504 1264 1571 1303 ge·
1593 1258 1610 1289 2

133 1326 247 1361 nere,
279 1312 457 1351 omnium
487 1312 624 1350 aetatis
653 1324 745 1351 suae
775 1311 899 1350 multo
922 1310 1251 1357 formosissimus,
1283 1310 1329 1348 ad
1352 1322 1490 1348 omnes
1511 1321 1574 1347 res

133 1376 247 1423 aptus
263 1369 496 1420 consiliique
516 1369 659 1420 plenus
681 1369 867 1419 (namque
891 1368 1103 1420 imperator
1124 1367 1198 1406 fuit
1219 1378 1397 1406 summus
1420 1372 1457 1405 et
1478 1366 1575 1404 mari

135 1434 171 1467 et
192 1433 317 1476 terra3
350 1426 537 1474 disertus⁷
568 1432 613 1465 ut
633 1426 672 1464 in
697 1425 835 1478 primis
856 1425 1023 1464 dicendo
1044 1425 1209 1472 valeret,
1238 1424 1342 1475 quod
1364 1429 1471 1462 tanta
1494 1430 1577 1462 erat

135 1528 225 1562 wurs
257 1527 315 1561 der
348 1529 506 1560 avaritia
530 1526 615 1560 udrd
644 1527 714 1559 ihm
740 1527 820 1560 aber

135 1574 196 1607 mit
221 1573 370 1606 Unrecht
402 1572 574 1616 gemacht:
608 1583 642 1606 er
670 1572 723 1605 fiir
748 1573 819 1605 sich

137 1630 208 1652 war
234 1619 311 1652 sehr
334 1619 603 1662 uneigenniitzig
619 1618 721 1661 (Plut.
740 1618 818 1662 Lys.

143 1668 172 1700 2.
195 1667 246 1699 16.
269 1665 318 1698 18.
339 1666 392 1698 30.
411 1665 526 1708 Comp.
546 1675 573 1698 e.
594 1663 677 1697 Sull.
698 1665 743 1706 3).

184 1711 293 1753 deque
314 1729 357 1734 —
374 1710 566 1752 perlatum.
610 1709 705 1742 Nach
730 1709 819 1743 Plut.

138 1756 206 1790 und
224 1755 357 1799 Poly'au
380 1765 408 1789 a.
425 1755 456 1789 d.
472 1766 522 1788 aa.
539 1754 605 1788 00.
632 1754 749 1788 wurde
776 1765 821 1797 er,

139 1813 206 1836 von
233 1801 399 1834 Pharnab.
434 1801 467 1833 in
502 1800 622 1844 Sparta
655 1800 823 1843 verklagt‚

139 1848 243 1881 durch
269 1847 343 1880 eine
372 1846 516 1890 Skytale
541 1845 823 1879 zuru'ckberufen.

185 1892 479 1936 deque—deque.
506 1891 538 1925 S.
556 1902 597 1924 zu
610 1891 684 1925 Dat.
700 1895 731 1933 5,
747 1894 777 1925 6.

186 1940 216 1972 2.
241 1938 323 1978 fert.
348 1937 483 1971 Ebenso
500 1937 595 1970 Eum.
616 1939 646 1979 3,
661 1940 692 1971 4.
707 1938 777 1971 ΑΗ.
796 1938 824 1979 1,

140 1986 170 2019 3.
195 1987 244 2026 10,
263 1985 294 2018 6.

186 2030 234 2063 Zu
260 2030 402 2072 legisset
420 2030 675 2071 prohassetque
699 2028 743 2061 ist
760 2028 826 2072 Ly-

142 2075 280 2116 sander.
322 2086 361 2108 zu
400 2076 551 2107 subiecit
585 2074 827 2108 Pharnabazus

143 2120 296 2162 Subject.
323 2119 357 2154 S.
377 2131 417 2153 zu
434 2119 553 2154 Them.
573 2122 604 2162 6,
621 2123 652 2154 4.

190 2168 220 2200 3.
255 2167 452 2198 maoez'mum
479 2168 743 2208 magistratum.
793 2164 827 2199 S.

144 2223 183 2245 zu
210 2210 328 2244 Them.
349 2214 379 2253 7,
397 2213 427 2244 4.

190 2257 344 2290 dioeerat.
385 2256 520 2290 Ebenso
540 2256 646 2290 findet
672 2256 744 2290 sich
770 2255 829 2289 das

144 2302 462 2346 plusquamperfect
492 2302 525 2334 in
555 2302 613 2335 der
636 2302 830 2345 Erzahlung

144 2359 212 2382 von
230 2348 340 2382 einem
358 2348 535 2381 einsachen
552 2347 724 2390 Ereigniss
742 2347 829 2380 nach

145 2398 184 2427 vt
217 2393 300 2428 Dion
335 2395 374 2434 9,
406 2396 436 2427 4.
487 2392 624 2426 sichere
658 2392 827 2436 Beispiele

145 2440 256 2473 dieser
268 2439 421 2473 seltenen
434 2438 740 2472 Ausdrucksweise
754 2438 829 2471 sind

146 2485 221 2520 Ter.
240 2485 341 2519 Andr.
360 2485 381 2518 1.
402 2487 433 2527 2,
455 2487 484 2519 6.
511 2484 646 2518 Phorm.
664 2483 704 2517 V.
729 2486 760 2526 8,
779 2486 830 2518 15.

147 2531 214 2566 Cic.
233 2531 274 2564 ad
291 2531 361 2564 Att.
379 2531 415 2564 ΙΙ.
437 2532 486 2573 12,
504 2533 536 2564 4.
575 2530 620 2571 [S.
639 2530 766 2563 Excurs
789 2532 828 2571 1.]

195 2577 321 2610 librum
335 2596 380 2601 -
395 2577 514 2609 datum
541 2575 742 2609 wiederholt
771 2575 831 2609 das

890 1535 1011 1569 wegen
1043 1524 1101 1558 der
1134 1524 1296 1567 langeren
1323 1523 1414 1557 Rede
1440 1534 1578 1566 verges-

890 1582 971 1605 sene
986 1573 1089 1604 laune.
1118 1570 1249 1613 [Dieses
1264 1570 1348 1603 wird
1363 1570 1453 1612 aber,
1467 1570 1578 1602 wahr-

891 1617 1078 1651 scheinlich
1099 1616 1303 1650 entstanden
1331 1626 1390 1649 aus
1417 1615 1492 1649 dem
1510 1615 1578 1648 An-

891 1663 972 1707 sang
987 1663 1045 1696 der
1061 1661 1244 1705 folgenden
1257 1661 1410 1695 Periode.
1427 1672 1466 1695 zu
1483 1661 1579 1694 strei-

892 1710 975 1742 cben
1008 1709 1100 1751 sein,
1133 1709 1200 1741 wie
1224 1708 1294 1741 Att.
1324 1709 1375 1750 12,
1401 1710 1421 1740 4
1452 1709 1578 1749 quem]

1130 1787 1343 1821 ALcmiADES.

938 1845 972 1878 1.
1014 1846 1042 1877 1.
1072 1847 1194 1887 possit.
1242 1843 1309 1876 Das
1335 1843 1580 1878 Gewolmliche

895 1891 986 1922 ware
1002 1893 1127 1932 posset.
1154 1889 1188 1922 S.
1206 1889 1328 1932 Zumpt
1348 1889 1368 1932 ξ
1384 1892 1461 1931 513,
1487 1889 1580 1922 Mad-

894 1936 953 1978 vig
970 1935 990 1978 ξ
1009 1937 1083 1969 383.
1121 1934 1197 1967 Wie
1214 1935 1298 1976 hier.
1320 1934 1406 1967 Dion
1425 1936 1456 1976 9,
1476 1938 1493 1969 5
1512 1934 1580 1968 und

896 1981 997 2014 Casar
1014 1981 1046 2014 b.
1065 1980 1102 2014 G.
1122 1980 1175 2012 Vl.
1195 1982 1248 2021 35,
1266 1981 1284 2013 2
1311 1980 1387 2022 Hie,
1406 1983 1580 2023 quantum

895 2029 933 2059 in
952 2026 1040 2059 bello
1062 2025 1213 2065 fortuna
1232 2028 1348 2069 possit
1373 2029 1405 2058 et
1430 2029 1581 2069 quantos

899 2073 1030 2114 afferat
1055 2083 1166 2114 casm,
1192 2074 1359 2113 cognosci
1379 2075 1510 2115 potuit.

945 2119 976 2152 2.
997 2128 1151 2160 namque
1176 2118 1322 2158 [beziebt
1350 2118 1421 2151 sich
1439 2128 1502 2151 nur
1526 2117 1585 2150 aus

902 2164 949 2197 ad
961 2174 1080 2196 omnes
1092 2175 1148 2196 res
1162 2165 1287 2206 aptus]
1304 2162 1337 2197 S.
1350 2173 1388 2197 zu
1400 2164 1495 2197 Eum.
1510 2166 1538 2205 1,
1554 2165 1581 2196 1.

946 2212 993 2251 [et
1012 2212 1108 2242 mari
1128 2213 1161 2242 et
1181 2216 1279 2242 terra
1301 2212 1377 2251 sagt
1400 2209 1515 2252 Nepos
1533 2219 1582 2241 re-

900 2255 1084 2298 gelmiissig
1102 2255 1184 2298 (vgl.
1209 2255 1279 2288 Liv.
1297 2254 1459 2288 XXXVII.
1479 2256 1532 2297 29,
1551 2258 1581 2296 5,

899 2301 1024 2334 Petron
1045 2303 1086 2335 39
1113 2303 1200 2333 etin
1218 2303 1312 2333 mari
1337 2304 1370 2333 et
1393 2303 1430 2333 in
1449 2301 1582 2341 terr-a),-

899 2357 962 2380 nur
986 2346 1068 2390 Reg.
1092 2349 1120 2389 1,
1142 2348 1160 2380 3
1188 2350 1285 2379 terra
1309 2349 1489 2390 marique;
1510 2355 1584 2379 ver-

899 2393 991 2425 neint
1010 2396 1113 2426 unten
1132 2394 1164 2433 6,
1182 2394 1200 2426 2
1227 2402 1340 2435 neque
1358 2396 1456 2425 tet-ra
1473 2402 1585 2434 neque

898 2440 1015 2479 πιανῶ]

947 2483 1114 2525 dicendo,
1144 2483 1204 2516 das
1230 2483 1461 2526 gesprocbene
1486 2481 1583 2515 Wort

901 2530 945 2562 ini
964 2529 1154 2572 Gegensatz
1181 2539 1240 2561 zur
1266 2528 1390 2561 schrift
1416 2529 1483 2562 und
1509 2537 1585 2561 zum

901 2575 1020 2608 lnbalt.
