1780 2877
191 152 270 192 158
695 154 806 188 XVIII.
832 154 1047 189 EUMENES.
1074 156 1103 189 8.

187 270 404 321 periculum
427 276 504 312 est.
528 284 577 310 ne
599 270 761 313 faciant..
792 270 896 320 quod
918 269 971 307 illi
993 270 1191 317 fecerunt,
1222 282 1289 308 sua
1311 270 1612 322 intemperantia

189 327 384 378 nimiaque
405 327 560 366 licentia
576 333 619 366 ut
639 327 769 365 onmia
785 326 952 378 perdant
974 338 1102 376 neque
1117 326 1248 365 minus
1265 338 1342 373 eos,
1365 339 1452 366 cum
1469 327 1612 378 quibus

189 383 387 431 steterint,
426 396 542 435 quam
573 385 755 423 adversus
785 395 883 434 quos
910 382 1087 421 fecerint.
1136 382 1249 428 Quod
1280 383 1310 422 si
1340 383 1425 434 quis
1453 384 1610 424 illorum

188 446 461 480 veteranorum
479 441 579 491 legat
599 441 711 487 sacta,
732 440 839 491 paria
860 440 1001 478 horum
1017 444 1230 490 cognoscat
1251 452 1379 490 neque
1395 452 1478 479 rem
1491 441 1610 480 ullam

187 497 260 536 nisi
292 503 446 548 tempus
472 497 661 536 interesse
693 497 848 535 iudicet.
899 496 974 535 Sed
1005 497 1050 535 ad
1088 496 1174 535 illos
1204 502 1386 535 revertar.
1436 497 1611 538 Hiberna

185 559 433 605 sumpserant
449 566 528 591 non
552 554 598 592 a‹l
614 566 727 593 usum
744 553 847 600 belli,
870 553 937 592 sed
953 553 998 591 ad
1015 553 1189 604 ipsorum
1207 553 1399 592 luxuriam
1413 553 1610 606 longeque

186 610 288 649 inter
309 623 349 649 se
370 610 641 649 discesserant.
682 610 766 648 Hoc
783 609 1004 660 Antigonus
1020 622 1109 648 cum
1131 609 1386 661 comperisset
1406 610 1611 662 intellege-

184 673 321 717 retque
349 679 389 705 se
414 678 548 717 parem
570 679 650 705 non
673 679 757 705 esse
778 666 922 717 paratis
942 666 1186 714 adversariis,
1217 667 1352 706 statuit
1372 666 1515 718 aliquid
1536 667 1610 707 sibi

184 723 334 762 consilii
358 722 448 761 novi
465 735 547 761 esse
569 723 816 774 capiendum.
857 722 963 761 Duae
985 728 1096 760 erant
1115 723 1208 770 viae,
1231 736 1306 774 qua
1328 735 1373 762 ex
1389 723 1520 771 Medis,
1542 724 1610 763 ubi

182 780 246 818 ille
286 779 499 826 hiemabat,
538 780 584 817 ad
614 779 923 818 adversariorum
957 778 1209 818 hibernacula
1240 785 1371 831 posset
1401 780 1610 831 perveniri.

139 843 151 849 ’
186 836 359 882 Quarum
388 835 543 874 brevior
564 848 636 887 per
656 836 740 874 loca
772 836 944 882 deserta,
975 847 1074 885 quae
1095 847 1210 874 nemo
1232 836 1427 876 incolebat
1446 842 1611 889 propter

181 905 303 943 aquae
325 892 509 943 inopiam,
533 898 708 931 ceterum
729 892 880 931 dierum
904 897 984 929 erat
1005 892 1086 929 fere
1109 892 1263 939 decem;
1286 892 1348 930 illa
1369 899 1510 941 autem,
1534 906 1610 944 qua

182 962 318 989 omnes
346 949 638 996 commeabant,
668 949 790 988 altero
812 954 920 987 tanto
952 947 1171 999 longiorem
1192 948 1359 987 habebat
1378 949 1609 998 anfractum,

929 1026 996 1058 mal
1028 1025 1082 1058 ein
1114 1026 1319 1059 besonderer
1343 1025 1543 1060 Nachdruck
1568 1038 1610 1060 zu

929 1070 1062 1104 Grunde
1087 1071 1180 1114 liegt,
1205 1071 1340 1104 Glieder
1364 1071 1456 1105 eines
1478 1072 1612 1106 Neben·

929 1120 1038 1150 satzes
1071 1127 1132 1149 vor
1162 1117 1221 1150 das
1257 1117 1373 1150 diesen
1407 1117 1610 1151 einleitende

928 1161 1025 1195 Wort
1050 1162 1196 1203 gestellt.
1244 1162 1320 1205 Vgl.
1339 1161 1422 1196 Milt.
1448 1165 1479 1204 6,
1498 1164 1528 1197 3.
1552 1164 1611 1197 Ar.

928 1209 958 1248 3,
982 1210 1007 1240 l.
1032 1206 1117 1240 Dion
1135 1209 1165 1249 9,
1184 1209 1214 1241 2.
1240 1207 1346 1241 Hann.
1366 1210 1396 1249 7,
1411 1210 1429 1241 5
1447 1219 1478 1241 u.
1493 1219 1523 1243 a.
1541 1208 1610 1242 und

928 1263 953 1285 s.
981 1252 1202 1295 Sprachgebr.
1229 1253 1250 1296 ἓ
1275 1254 1327 1287 89.

974 1300 1004 1331 3.
1031 1299 1166 1330 horum.
1199 1298 1329 1341 Wegen
1351 1298 1409 1331 des
1427 1298 1609 1341 folgenden

929 1342 1045 1376 Satzes
1064 1343 1135 1376 Sed
1158 1344 1206 1376 acl
1229 1344 1309 1376 r'Ilos
1331 1348 1492 1376 revertar
1514 1355 1610 1378 muss

927 1399 967 1421 zu
984 1390 1110 1420 horam
1129 1389 1221 1421 nicht
1236 1388 1353 1430 factis,
1371 1389 1516 1422 sondern
1533 1388 1609 1428 fac-

928 1436 962 1465 ta
989 1435 1124 1475 erganzt
1151 1434 1297 1468 werden.

972 1480 1020 1511 ad
1036 1479 1115 1511 illos
1131 1483 1302 1512 revertar.
1321 1479 1354 1512 S.
1373 1490 1413 1512 zu
1427 1479 1513 1513 Dion
1528 1482 1559 1521 4,
1576 1483 1606 1514 5.

181 1038 207 1061 c.
226 1026 284 1061 ins.
310 1027 365 1060 bei
382 1027 523 1069 postulo
543 1028 628 1060 auch
645 1027 751 1061 Hann.
773 1029 824 1064 12,
839 1029 858 1061 3

179 1084 223 1105 ne
246 1073 285 1105 id
309 1084 329 1104 a
354 1084 390 1105 se
405 1072 487 1112 fieri
500 1073 731 1115 postularent.
776 1072 859 1106 Dass

179 1118 288 1151 dieser
305 1118 365 1150 mit
382 1117 457 1150 dem
474 1117 693 1160 regierenden
714 1117 858 1151 Verbum

179 1163 334 1196 dasselbe
369 1162 511 1204 Subject
542 1164 596 1196 hat
630 1163 696 1196 und
729 1163 786 1196 der
809 1163 859 1196 ln-

178 1208 289 1241 finitiv
326 1209 399 1241 eine
436 1208 614 1251 Handlung
651 1206 857 1251 bez‹¹icline†,

178 1253 284 1286 findet
307 1254 379 1286 sich
411 1257 504 1286 sons(
535 1264 596 1286 nur
629 1254 682 1286 bei
708 1253 858 1295 Plautus,

177 1310 205 1332 z.
231 1299 269 1332 B.
295 1299 368 1332 Cas.
393 1298 414 1331 I.
443 1300 484 1332 39
518 1299 613 1341 quod
645 1302 677 1331 te
704 1299 860 1342 postules

176 1348 322 1381 „wustme
342 1346 541 1386 qzcvmequam
568 1346 609 1378 53
633 1355 729 1377 nune
753 1356 797 1377 ne
821 1348 859 1377 tu

178 1393 210 1422 te
234 1391 321 1422 mzlzz
338 1390 547 1432 respondere
561 1390 725 1432 postules.
764 1390 858 1423 Nach

177 1435 246 1467 ihm
263 1436 307 1467 ist
324 1435 416 1467 diese
435 1434 672 1468 Construction
689 1435 782 1468 nicht
799 1436 860 1468 all-

177 1479 336 1522 zuhaufig
352 1480 420 1513 und
437 1491 498 1513 nur
516 1480 687 1513 entweder
704 1481 765 1513 mit
781 1481 857 1514 dem

176 1525 270 1558 Infin.
297 1536 398 1568 pass,
423 1525 488 1558 wie
513 1525 619 1559 Hann.
647 1527 699 1566 12,
723 1528 742 1559 3
767 1526 856 1567 (Ter.

177 1570 238 1604 Ad.
254 1572 329 1604 879.
356 1570 423 1605 Cic.
443 1571 483 1603 de
508 1570 576 1604 inv,
595 1570 618 1603 Ι.
640 1573 693 1613 32,
709 1573 761 1605 53.
788 1571 854 1604 div.

176 1617 211 1648 in
237 1615 332 1650 Caec.
361 1618 411 1656 11,
437 1619 489 1649 34.
515 1615 607 1649 Verr.
633 1615 682 1649 III.
706 1619 759 1657 60,
781 1619 854 1650 138.

176 1662 245 1696 Liv.
270 1661 355 1694 XXI.
382 1663 435 1702 30,
454 1662 487 1701 3)
514 1660 595 1694 oder
619 1671 668 1702 sc,
694 1661 771 1694 dass
797 1662 856 1695 der

175 1706 236 1740 Ins.
262 1707 359 1739 einen
378 1706 525 1739 Zustand
550 1706 749 1739 bezeichnet
773 1707 852 1748 (Cle.

176 1751 217 1784 ad
242 1751 333 1785 Brut.
367 1752 388 1784 I.
419 1754 474 1789 10,
500 1754 530 1785 3.
569 1752 641 1785 Cas.
676 1753 708 1786 b.
736 1762 766 1794 g.
800 1752 852 1785 IV.

179 1799 230 1833 16.
256 1799 298 1837 4).
340 1796 415 1839 Vgl.
442 1808 483 1830 zu
507 1796 654 1830 Timoth.
680 1800 711 1838 4,
739 1800 768 1831 3.

220 1842 300 1875 Was
325 1842 408 1874 iiber
431 1842 484 1875 (lie
509 1842 698 1875 romischen
716 1842 853 1876 Vetera-

175 1897 238 1920 nen
256 1890 374 1930 gesagt
391 1887 446 1928 ist,
470 1888 606 1920 bezieht
632 1887 702 1921 sich
727 1888 787 1921 aus
801 1889 854 1922 die

173 1933 416 1965 wiederholten
442 1932 645 1966 Meutereien
677 1933 854 1967 derselben

173 1988 281 2021 gegen
298 1978 407 2011 Julius
428 1978 561 2020 Caesar,
584 1978 762 2020 Antonius,
789 1979 853 2012 den

173 2023 276 2057 Senat
293 2023 360 2056 und
379 2023 552 2064 Octavian,
577 2034 686 2066 gegen
711 2024 851 2057 Ietztern

171 2069 295 2102 zuletzt
309 2079 370 2102 vor
382 2068 597 2111 Herausgabe
615 2069 725 2102 dieses
739 2069 852 2103 Buchs

173 2115 257 2147 nach
292 2114 515 2156 Beendigung
554 2114 612 2147 des
651 2114 849 2148 Sicilischen

172 2160 290 2202 Kriegs
314 2162 392 2200 (718
418 2170 446 2192 a.
472 2171 515 2199 u.,
540 2161 582 2193 36
607 2170 638 2193 v,
665 2159 747 2199 Ch.).

217 2206 384 2237 adversus
408 2215 494 2247 quos
516 2203 680 2243 fecerint.
723 2204 789 2238 Cic.
816 2216 847 2248 p.

171 2250 302 2289 Quinc-t.
331 2252 359 2291 1,
388 2252 398 2282 1
438 2250 534 2291 Quae
556 2261 612 2282 res
644 2252 681 2282 in
707 2252 849 2283 civitate

171 2296 260 2328 duae
273 2296 467 2338 plurimum
478 2298 635 2337 possunt,
649 2307 710 2328 eae
725 2299 848 2328 contra

170 2352 232 2374 nos
249 2343 370 2374 ambae
384 2340 527 2380 faciunt
550 2342 587 2372 in
604 2341 670 2373 hoe
683 2344 846 2384 tempore.

171 2386 241 2419 Cas.
275 2387 305 2420 b.
341 2396 368 2419 c.
402 2386 424 2419 1.
461 2388 496 2425 3,
523 2388 540 2419 7
575 2386 742 2418 adversus
772 2397 847 2419 rem

168 2432 345 2473 publicam
369 2431 398 2470 f.
445 2431 521 2474 Vgl.
547 2430 610 2474 Ag.
636 2434 668 2473 5,
692 2434 723 2466 4.

213 2480 253 2508 ut
272 2479 400 2509 omnia.
442 2476 476 2510 S.
491 2487 532 2509 zu
544 2476 616 2509 Dat.
638 2480 662 2516 1,
680 2478 710 2510 2.
746 2476 847 2510 Nicht

170 2531 231 2554 nur
254 2531 305 2553 am
323 2522 457 2564 Ansang
480 2532 547 2555 von
568 2521 744 2564 Perioden,
770 2533 847 2556 son-

169 2565 248 2599 dern
286 2567 512 2609 gelegentlich
550 2567 635 2600 auch
670 2567 845 2600 innerhalb

168 2611 344 2644 desselben
362 2612 508 2654 werden,
534 2613 621 2646 ohne
643 2612 719 2645 dass
731 2612 846 2654 jedes-

971 1527 1002 1557 4.
1028 1527 1117 1566 viae,
1142 1536 1211 1566 qua
1237 1525 1315 1566 (wie
1339 1523 1424 1557 Milt.
1451 1527 1482 1566 3,
1506 1525 1536 1564 1)
1562 1536 1609 1558 ex

926 1569 1053 1611 Medis,
1088 1572 1159 1602 ubi.
1208 1570 1606 1603 Pronominaladverbien

924 1618 1091 1648 vertreten
1124 1616 1173 1648 ost
1201 1615 1306 1648 Casus
1339 1615 1420 1648 oder
1451 1615 1609 1658 Praposi-

924 1660 1287 1703 tionalverbindungen
1323 1671 1389 1694 von
1427 1660 1605 1693 Pronomi-

924 1715 999 1737 nen.
1049 1706 1130 1739 Cato
1155 1717 1179 1739 r.
1198 1717 1222 1740 r.
1242 1716 1270 1739 c.
1290 1709 1308 1740 5
1334 1706 1423 1738 duas
1447 1709 1510 1738 aut
1535 1710 1607 1739 tres

921 1749 1081 1788 familias
1098 1753 1213 1793 habet,
1233 1752 1328 1784 unde
1343 1752 1474 1784 utenda
1490 1755 1607 1794 roget.

922 1795 1030 1829 Plaut.
1056 1796 1178 1831 Bacch.
1203 1796 1256 1832 lV.
1283 1799 1314 1839 7,
1332 1798 1385 1831 26.
1410 1807 1604 1839 numquam

924 1840 1065 1880 auferes
1097 1843 1181 1875 ltine
1210 1853 1339 1875 aurum
1368 1854 1400 1876 u.
1426 1842 1485 1876 ost.
1535 1842 1602 1877 Cic.

923 1885 1015 1920 Verr.
1041 1886 1095 1921 IV.
1124 1890 1174 1929 18,
1197 1889 1237 1921 38
1263 1888 1361 1930 apud
1383 1899 1450 1929 eos,
1474 1898 1543 1930 quo
1566 1899 1604 1919 se

923 1932 1085 1974 contulit,
1114 1935 1164 1975 12,
1190 1935 1232 1966 29
1256 1935 1361 1965 istius
1385 1935 1522 1965 tantam
1544 1932 1600 1971 fu-

920 1978 987 2009 isse
1009 1980 1254 2020 sagacitatem,
1277 1981 1320 2010 ut
1343 1989 1400 2010 eas
1416 1988 1483 2021 per
1499 1978 1600 2010 illum

922 2024 1035 2064 ipsum
1059 2025 1261 2065 inspiceret,
1285 2025 1347 2055 ubi
1372 2027 1474 2055 erant
1496 2023 1601 2065 depo-

919 2070 1008 2100 sitae
1038 2069 1077 2107 (s.
1108 2067 1203 2101 Halm
1235 2079 1263 2102 z.
1290 2067 1363 2110 St),
1394 2068 1434 2101 de
1461 2067 1518 2102 fin.
1543 2068 1598 2102 IV.

923 2114 974 2153 12,
992 2115 1034 2147 30
1052 2124 1126 2145 eam
1143 2116 1251 2146 vitam
1263 2115 1398 2157 potius,
1421 2123 1488 2156 quo
1515 2114 1602 2147 haec

918 2158 1056 2190 adiecta
1079 2160 1163 2201 sint,
1189 2169 1243 2192 wo
1268 2169 1294 2192 s.
1312 2158 1459 2201 Madvig.
1500 2159 1596 2194 Caec.

919 2204 948 2243 8,
968 2205 1006 2236 21
1034 2204 1082 2236 ad
1103 2215 1221 2236 omnes
1241 2206 1423 2246 introitus,
1448 2214 1518 2246 qua
1536 2205 1598 2237 ad·

916 2250 966 2280 iri
990 2252 1150 2292 poterat,
1181 2249 1253 2282 Cas.
1279 2249 1320 2283 de
1345 2249 1377 2282 b.
1402 2249 1480 2292 gall.
1504 2249 1527 2283 1.
1553 2251 1596 2284 38

914 2294 1091 2336 reliquum
1113 2297 1278 2338 spatium,
1303 2305 1372 2338 qua
1388 2296 1520 2335 flumen
1543 2297 1598 2327 in-

917 2342 1092 2373 termittit.
1147 2339 1228 2374 Sall.
1252 2339 1329 2383 Jug.
1358 2342 1431 2382 101,
1461 2342 1497 2374 11
1525 2350 1597 2372 om-

914 2387 988 2426 nia,
1014 2396 1083 2427 qua
1106 2387 1202 2418 visus
1226 2389 1313 2418 erat.

960 2431 1198 2464 hibernacula.
1247 2430 1279 2464 S.
1305 2441 1346 2464 zu
1370 2429 1432 2473 Ag.
1459 2432 1490 2471 3,
1515 2433 1547 2464 4.

961 2478 990 2509 5.
1016 2475 1109 2509 Nach
1134 2476 1229 2511 Diod.
1254 2475 1339 2509 XIX.
1365 2477 1407 2509 34
1439 2485 1511 2508 war
1535 2475 1595 2509 der

914 2520 1054 2554 kiirzere
1067 2521 1154 2564 Weg
1171 2524 1202 2563 9,
1220 2521 1278 2554 der
1291 2520 1412 2553 andere
1429 2522 1470 2555 25
1484 2520 1593 2564 Tage-

912 2567 1074 2600 marsche.

959 2615 1109 2644 ceterum
1134 2611 1183 2645 als
1200 2611 1335 2644 Adverb
1361 2610 1464 2644 esters
1481 2611 1515 2643 in
1533 2610 1593 2644 der
