1780 2877
173 336 192 367 2

173 564 193 595 3

173 677 192 709 4

175 847 193 878 5

223 154 304 194 220
733 155 836 189 XXV.
861 155 1060 189 ATTICUS.
1102 158 1151 189 11.

223 271 389 324 Epirum
419 271 543 319 venit,
575 271 638 310 cui
667 283 729 310 res
757 271 836 310 ulla
864 271 1050 318 defuerit,
1087 269 1238 308 nemini
1267 281 1349 308 non
1383 271 1436 310 ibi
1465 276 1660 323 perpetuo

222 329 408 368 manendi
429 333 604 380 potestas
625 329 725 367 facta
747 334 824 367 est:
853 327 919 379 qui
941 327 1057 366 etiam
1078 332 1169 379 post
1187 326 1384 378 proelium
1404 327 1659 380 Philippense

223 386 507 436 interitumque
529 385 569 424 C.
588 384 708 424 Cassii
731 390 769 424 et
789 385 838 424 M.
857 384 968 423 Bruti
985 384 1028 423 L.
1046 384 1189 423 Iulium
1204 383 1398 422 Mocillam
1418 386 1661 436 praetorium

224 448 262 482 et
282 443 406 482 filium
424 442 508 481 eius
525 442 747 493 Aulumque
764 442 1009 493 Torquatum
1031 447 1262 491 ceterosque
1284 441 1369 492 pari
1390 441 1548 481 fortuna
1570 454 1661 495 per-

224 501 354 540 culsos
383 498 599 538 instituerit
627 499 729 538 tueri
750 504 867 550 atque
898 512 945 538 ex
965 499 1086 550 Epiro
1115 498 1175 537 his
1197 497 1329 536 omnia
1352 497 1661 539 Samothraciam

222 556 448 609 supportari
470 555 641 594 iusserit.
683 556 847 595 Difficile
871 562 929 595 est
951 556 1083 595 omnia
1112 555 1296 607 persequi
1317 560 1356 594 et
1377 568 1457 595 non
1480 568 1661 596 necessa-

224 614 339 653 rium.
389 613 487 651 Illud
511 624 636 651 unum
667 612 842 664 intellegi
863 613 1064 660 volumus,
1097 612 1200 651 illius
1229 612 1501 652 liberalitatem
1533 624 1662 663 neque

222 670 499 721 temporariam
532 681 662 719 neque
689 669 868 708 callidam
898 669 1031 709 fuisse.
1072 670 1113 708 Id
1145 681 1193 708 ex
1222 669 1317 721 ipsis
1346 669 1466 709 rebus
1497 682 1541 708 ae
1561 675 1662 708 tem-

225 727 390 779 poribus
411 725 573 765 iudicari
590 731 732 777 potest,
752 727 857 777 quod
874 739 955 765 non
973 726 1207 765 florentibus
1224 739 1264 765 se
1280 726 1504 775 venditavit,
1522 727 1590 766 sed
1607 726 1664 765 af-

225 784 339 823 flictis
355 795 511 834 semper
527 783 745 832 succurrit;
762 783 828 834 qui
847 782 1005 834 quidem
1023 782 1239 829 Serviliam,
1256 783 1366 822 Bruti
1381 789 1561 831 matrem,
1581 795 1663 823 non

223 841 356 879 minus
376 845 468 891 post
488 846 657 878 mortem
681 840 764 879 eius
781 852 899 892 quam
915 840 1123 879 florentem
1141 839 1320 878 coluerit.
1351 840 1415 879 Sic
1433 840 1663 879 liberalitate

224 902 342 936 utens
368 897 494 936 nullas
519 896 745 936 inimicitias
769 897 909 949 gessit,
939 897 1043 948 quod
1069 909 1200 947 neque
1224 896 1403 935 laedebat
1427 909 1664 948 quemquam

225 966 370 1005 neque,
402 954 433 992 si
457 965 573 1004 quam
596 953 781 993 iniuriam
803 960 1020 1005 acceperat,
1053 967 1134 992 non
1161 953 1330 992 malebat
1351 953 1527 992 oblivisci
1548 965 1663 1004 quam

226 1010 373 1050 ulcisci.
419 1010 526 1049 Idem
558 1010 770 1049 immortali
800 1011 989 1049 memoria
1015 1016 1202 1062 percepta
1231 1010 1427 1049 retinebat
1454 1010 1663 1058 heneficia;

227 1080 326 1118 quae
347 1072 477 1106 autem
501 1067 585 1117 ipse
606 1067 815 1115 tribuerat,
837 1073 917 1106 tam
939 1067 1006 1106 diu
1027 1067 1275 1113 meminerat,
1299 1067 1426 1117 quoad
1447 1067 1512 1106 ille
1533 1071 1666 1118 gratus

226 1129 320 1172 erat,
345 1124 412 1175 qui
433 1128 652 1175 acceperat.
694 1124 830 1175 Itaque
852 1124 914 1163 hic
937 1123 1041 1170 fecit,
1070 1128 1113 1161 ut
1134 1134 1223 1161 vere
1244 1122 1393 1162 (lictum
1413 1123 1609 1163 videatur:

399 1180 469 1219 Sui
491 1183 635 1230 cuique
657 1192 788 1220 mores
809 1182 968 1231 fingunt
990 1181 1189 1218 fortunam
1212 1179 1452 1219 hominihus.

226 1238 362 1288 Neque
384 1242 515 1275 tamen
538 1236 601 1275 ille
632 1237 742 1287 prius
763 1238 962 1276 fortunam
987 1249 1102 1288 quam
1126 1249 1166 1275 se
1189 1236 1271 1288 ipse
1302 1237 1436 1285 finxit,
1469 1237 1535 1288 qui
1557 1235 1666 1284 cavit,

227 1307 277 1334 ne
299 1306 375 1345 qua
397 1294 436 1332 in
459 1305 501 1331 re
523 1293 607 1332 iure
630 1293 882 1344 plecteretur.

224 1383 430 1416 militudine
467 1386 590 1426 patres
626 1383 911 1426 appellabantur.

226 1429 349 1472 Zumpt
371 1428 392 1472 ξ
410 1430 489 1463 454.
520 1428 647 1472 Drager
664 1428 701 1462 H.
719 1427 752 1463 S.
771 1428 801 1461 Ι2
814 1428 912 1463 5441'.

985 1382 1175 1424 niitzigkeit
1188 1392 1228 1416 zu
1243 1382 1363 1425 geben.
1392 1381 1424 1415 S.
1444 1392 1484 1415 zu
1500 1391 1528 1415 c.
1541 1383 1572 1416 9.
1588 1383 1619 1424 6,
1635 1385 1665 1417 5.

1030 1429 1283 1470 tempor-ariam
1301 1444 1346 1455 =
1364 1428 1578 1470 temporibus
1610 1438 1667 1460 ac-

273 1476 303 1508 2.
331 1485 358 1507 a.
377 1485 409 1508 u.
429 1476 506 1516 712,
530 1485 561 1507 r.
583 1474 656 1507 Chr.
675 1475 728 1507 42.

274 1522 351 1562 qui,
384 1519 486 1553 naml.
517 1519 663 1553 Atticus.
719 1518 807 1552 Weil
841 1519 912 1560 das,

228 1575 354 1599 wovon
378 1565 502 1598 vorher
519 1564 658 1608 geredet
676 1564 732 1603 ist,
757 1574 836 1597 vom
854 1564 914 1597 At-

228 1611 315 1644 ticus
341 1610 514 1653 geschehn
536 1621 616 1652 war,
643 1610 701 1643 hat
718 1609 834 1653 Nepos
853 1610 912 1642 das

228 1655 363 1689 Relativ
389 1659 531 1698 gesetzt,
560 1655 609 1688 als
635 1656 726 1688 ware
752 1665 787 1688 er
812 1655 913 1688 wirk-

228 1701 296 1734 lich
322 1701 487 1743 erwahnt,
513 1701 625 1734 indem
651 1701 720 1734 ihm
738 1701 913 1734 vielleicht

228 1746 314 1780 auch
347 1746 406 1779 der
438 1746 644 1780 entserntere
674 1746 754 1779 Satz
781 1746 916 1787 Quibus

227 1792 423 1825 —auoeilio
449 1792 543 1825 mehr
563 1792 613 1825 als
631 1791 691 1824 das
709 1791 915 1824 Nachstvor-

226 1837 441 1880 hergehende
467 1837 718 1872 vorschwebte.
768 1836 848 1870 Dies
870 1837 913 1870 ist

227 1883 312 1916 hart.
354 1882 427 1926 Vgl.
448 1893 488 1916 zu
506 1882 579 1917 Alc.
600 1885 630 1923 8,
649 1885 679 1917 3.

250 1928 405 1973 *Aulum
434 1927 666 1971 Torquatum.
702 1927 822 1961 Prator
839 1938 867 1961 a.
881 1939 913 1961 u.

228 1976 304 2016 702,
330 1985 362 2008 v,
382 1974 456 2007 Chr.
479 1976 520 2008 52
547 1974 615 2007 und
641 1973 727 2007 nach
746 1973 913 2007 Asconius

226 2019 247 2062 ξ
262 2020 304 2054 25
317 2019 415 2053 Halm
438 2020 613 2062 quaesitor
630 2020 663 2052 in
681 2019 756 2052 dem
770 2018 914 2052 Process

227 2064 286 2098 des
311 2064 404 2098 Milo.
445 2065 489 2097 Er
514 2074 586 2097 war
613 2065 666 2097 ein
696 2064 829 2097 Freund
854 2064 913 2097 des

227 2110 344 2143 Cicero
366 2109 436 2143 und
452 2109 588 2143 Atticus
607 2110 688 2151 (Cic.
702 2110 773 2143 Att.
788 2108 828 2143 V.
849 2112 878 2151 1,
893 2112 911 2143 5

227 2167 257 2189 u.
273 2156 316 2196 a.)
338 2154 408 2189 und
428 2155 612 2198 Anhanger
633 2155 694 2188 des
715 2154 912 2197 Pompejus,

227 2201 313 2234 nach
339 2200 462 2234 dessen
484 2200 687 2243 Niederlage
714 2210 749 2232 er
768 2200 801 2232 in
820 2199 913 2233 Grie-

227 2246 394 2280 chenland
425 2246 470 2278 im
495 2245 570 2278 Exil
595 2246 686 2278 lebte
712 2245 793 2286 (Cic.
820 2245 910 2278 Fam.

226 2291 278 2325 VI.
301 2293 411 2333 1—4).
452 2290 579 2324 Darauf
601 2293 694 2324 niuss
720 2301 756 2323 er
772 2290 844 2323 sich
870 2300 910 2324 an

226 2336 353 2370 Brutus
379 2336 647 2379 angeschlossen
672 2336 795 2370 haben.

272 2385 302 2416 3.
346 2381 440 2415 Ohne
481 2381 623 2415 Zweisel
664 2382 737 2415 that
777 2381 912 2414 Atticus

226 2427 342 2461 Vieles
357 2428 444 2461 ohne
458 2427 665 2470 Eigennutz;
684 2427 810 2470 gewiss
825 2427 911 2460 eben

227 2483 264 2506 so
274 2473 389 2506 Vieles
407 2473 487 2513 aber
499 2473 561 2506 mit
575 2472 763 2506 Rficksicht
777 2472 837 2506 aus
848 2472 912 2505 sei-

227 2528 292 2551 nen
305 2518 470 2553 Vortheil.
501 2518 624 2552 Diesen
642 2518 786 2551 letztern
801 2517 913 2551 Hand-

226 2562 352 2605 lungen
391 2567 518 2597 wusste
551 2574 586 2597 er
616 2563 800 2606 allerdings
834 2563 912 2596 sehr

227 2608 403 2650 geschickt
430 2609 494 2642 den
514 2608 638 2643 Schein
664 2609 722 2643 der
743 2608 912 2652 Uneigen-

983 1473 1251 1505 commodatam.
1285 1471 1318 1505 S.
1333 1483 1360 1507 c.
1381 1475 1412 1514 9,
1430 1475 1460 1506 6.
1490 1471 1556 1506 Das
1568 1472 1667 1506 Wort

984 1517 1088 1551 findet
1123 1518 1192 1551 sich
1223 1521 1319 1551 sonst
1344 1528 1406 1551 nur
1430 1518 1486 1551 bei
1512 1517 1668 1561 Spatern.

1028 1565 1060 1597 4.
1079 1565 1162 1596 eius.
1197 1562 1300 1596 Daffir
1318 1563 1438 1596 stande
1454 1563 1573 1596 besser
1589 1563 1670 1605 filii.

1027 1610 1233 1650 florentem,
1265 1608 1427 1641 wahrend
1461 1608 1577 1650 C'asar‚
1611 1609 1670 1643 der

985 1654 1038 1687 ein
1074 1654 1305 1696 langjahriges
1341 1653 1670 1688 Liebesverhiiltniss

984 1700 1043 1732 mit
1069 1700 1120 1732 ihr
1145 1699 1239 1733 hatte
1265 1698 1367 1741 (Plut.
1388 1699 1482 1733 Brut.
1501 1701 1532 1734 5.
1575 1699 1669 1734 Suet.

985 1745 1078 1779 Caes.
1097 1747 1154 1786 50)
1172 1744 1240 1778 und
1257 1744 1405 1778 hernach
1428 1744 1480 1778 ihr
1497 1743 1591 1779 Sohn
1609 1755 1669 1779 aus

985 1794 1092 1824 erster
1105 1790 1175 1824 Ehe
1190 1789 1234 1824 M.
1244 1789 1370 1824 Brutus
1383 1791 1416 1823 in
1431 1789 1545 1824 Macht
1559 1790 1670 1825 stand.

1031 1836 1183 1869 Florem
1226 1835 1296 1869 und
1336 1835 1497 1877 afflictus
1532 1836 1669 1870 werden

986 1881 1146 1915 einander
1171 1891 1274 1925 gerne
1300 1881 1497 1925 gegem'iber
1520 1881 1669 1925 gestellt.

984 1927 1155 1970 Landgraf
1178 1927 1219 1960 de
1245 1927 1312 1961 Cic.
1339 1927 1464 1961 elocut.
1495 1929 1532 1960 17
1559 1927 1669 1961 citiert

984 1983 1016 2016 p.
1032 1972 1165 2011 Quinct.
1184 1975 1238 2007 93.
1279 1973 1350 2007 Att.
1368 1972 1418 2006 111.
1440 1974 1491 2014 10,
1516 1973 1547 2006 2.
1588 1971 1668 2006 Tac.

985 2018 1073 2051 Ann.
1100 2018 1155 2052 IV.
1183 2019 1236 2052 68.

1031 2065 1060 2096 5.
1090 2066 1259 2106 percepta
1290 2064 1467 2095 retinebat
1491 2063 1671 2103 beneficia.

984 2107 1060 2151 Vgl.
1074 2119 1170 2151 pere.
1186 2109 1311 2140 habuit
1321 2111 1514 2151 praecepta
1528 2118 1556 2142 c.
1575 2110 1626 2149 17,
1637 2110 1667 2142 3.

1030 2156 1059 2187 6.
1080 2153 1147 2187 Sm·
1164 2156 1290 2196 cuique
1307 2163 1428 2187 u.s.W.
1455 2152 1562 2187 Senar
1576 2153 1669 2186 eines

982 2198 1225 2232 unbekannten
1240 2198 1405 2233 Dichters.
1430 2198 1497 2232 Cio.
1510 2198 1669 2242 parad.V.

983 2246 1014 2285 1,
1030 2246 1072 2278 34
1089 2246 1183 2277 sieut
1197 2247 1338 2287 sapiens
1347 2246 1453 2287 poe’ta
1471 2244 1579 2287 dixit,
1595 2247 1670 2277 suis

984 2300 1023 2322 ea
1033 2289 1194 2331 [fortuna]
1204 2292 1332 2332 cuique
1339 2289 1670 2332 fingiturmoribus.

1028 2335 1151 2378 Neque
1170 2339 1286 2387 taynen
1304 2346 1335 2369 u.
1347 2345 1373 2368 s.
1386 2345 1428 2387 vy.
1465 2334 1581 2387 Nep-os
1595 2335 1667 2368 will

983 2391 1103 2460 {3334
1135 2380 1669 2468 ᾒῖἑὶῗέἓὲἲὲἷὲθῗῃξὲἰῗωὲἒᾱ

983 2471 1185 2514 Charakter,
1210 2471 1357 2505 sondern
1383 2481 1418 2504 er
1442 2469 1569 2505 bildete
1594 2471 1665 2505 sicli

983 2517 1092 2559 einen,
1119 2517 1177 2551 der
1202 2517 1256 2551 ein
1280 2519 1380 2559 gutes
1399 2515 1568 2550 Geschick
1592 2517 1668 2551 her-

963 2563 1231 2606 ,vorzuhringen
1257 2561 1363 2594 werth
1389 2571 1470 2594 war.

1027 2620 1063 2641 se
1087 2610 1171 2651 ipse.
1207 2607 1240 2641 S.
1259 2606 1397 2650 Madvig
1416 2607 1435 2650 ξ
1456 2609 1520 2642 487
1531 2608 1562 2641 b.
1627 2657 1632 2661 ῃ
