1780 2877
202 127 284 165 216
728 128 832 162 XXV.
859 127 1055 161 ATTICUS.
1094 130 1123 161 9.

203 250 364 283 centum
401 243 506 282 milia
541 243 697 282 muneri
731 243 856 290 misit,
894 243 1018 281 eidem
1054 242 1096 281 in
1128 242 1250 294 Epiro
1286 243 1428 283 absens
1463 250 1638 283 trecenta

201 301 314 340 iussit
334 300 435 347 dari,
468 313 599 351 neque
628 314 674 339 eo
705 300 828 351 magis
860 299 1013 351 potenti
1035 299 1213 338 adulatus
1234 305 1290 338 est
1313 300 1486 339 Antonio
1509 313 1639 352 neque

203 359 431 409 desperatos
451 357 621 408 reliquit.

153 419 178 453 9
318 414 506 453 Secutum
544 421 601 453 est
636 413 782 452 bellum
819 419 972 464 gestum
1009 412 1113 463 apud
1148 411 1352 450 Mutinam.
1412 413 1455 451 In
1494 427 1572 465 quo
1607 414 1638 453 si

203 476 357 510 tantum
389 483 479 509 eum
510 471 747 521 prudentem
769 469 915 517 dicam,
947 468 1099 516 minus,
1132 480 1248 519 quam
1271 468 1453 517 debeam,
1484 471 1640 521 praedi-

204 540 310 576 cem,
343 539 432 566 cum
462 526 526 565 ille
556 527 689 578 potius
710 526 864 566 divinus
895 526 1032 574 fuerit,
1063 525 1095 564 si
1117 525 1302 564 divinatio
1331 525 1562 578 appellanda
1583 534 1641 567 est

202 590 393 635 perpetua
415 583 603 622 naturalis
623 583 797 629 bonitas,
830 595 929 634 quae
953 583 1070 622 nullis
1091 582 1245 622 casibus
1267 582 1394 634 agitur
1416 595 1546 634 neque
1567 584 1640 622 mi-

154 648 173 679 2
203 641 351 679 nuitur.
412 639 546 678 Hostis
575 640 773 678 Antonius
809 640 1001 678 iudicatus
1029 639 1135 678 Italia
1170 645 1361 689 cesserat;
1404 652 1493 691 spes
1526 639 1640 679 resti-

203 697 339 736 tuendi
362 696 469 735 nulla
492 703 586 735 erat.
618 696 706 735 Non
730 696 857 735 solum
879 696 1040 743 inimici,
1064 696 1130 746 qui
1147 703 1229 735 tum
1250 703 1365 735 erant
1379 696 1641 748 potentissimi

204 761 239 793 et
265 753 437 805 plurimi,
460 753 527 792 sed
550 752 678 801 etiam,
700 753 767 804 qui
788 752 1018 791 adversariis
1039 752 1124 791 eius
1145 765 1186 791 se
1207 753 1351 791 dabant
1373 759 1412 792 et
1431 753 1470 792 in
1495 766 1541 792 eo
1562 753 1641 792 lae-

203 810 332 848 dendo
353 810 525 860 aliquam
553 815 840 849 consecuturos
870 808 1082 861 sperabant
1112 809 1448 857 commoditatem,
1480 809 1641 849 Antonii

203 866 412 905 familiares
443 866 779 917 insequebantur,
811 878 976 905 uxorem
998 865 1173 904 Fulviam
1204 865 1387 905 omnibus
1409 866 1528 906 rebus
1549 879 1641 917 spo-

154 929 172 961 3
203 922 298 962 liare
320 922 545 974 cupiebant,
568 923 714 962 liberos
735 923 850 961 etiam
874 923 1127 973 exstinguere
1147 923 1351 973 parabant.
1382 921 1532 962 Atticus
1552 935 1641 961 cum

205 980 406 1019 Ciceronis
427 979 564 1018 intima
586 979 848 1018 familiaritate
869 984 1069 1026 uteretur,
1102 979 1361 1018 amicissimus
1383 985 1485 1018 esset
1506 978 1642 1023 Bruto,

203 1049 283 1075 non
308 1037 425 1075 modo
448 1036 546 1075 nihil
566 1037 627 1075 his
648 1036 811 1076 indulsit
831 1036 877 1075 ad
899 1035 1117 1075 Antonium
1140 1036 1386 1083 violandum,
1413 1035 1480 1074 sed
1504 1047 1524 1074 e
1546 1048 1643 1074 con-

202 1093 322 1132 trario
358 1093 568 1132 familiares
605 1093 688 1132 eius
718 1105 765 1131 ex
803 1093 900 1131 urbe
934 1091 1228 1144 profugientes,
1272 1097 1463 1143 quantum
1499 1092 1643 1143 potuit,

151 1157 171 1188 4
202 1150 308 1197 texit,
341 1150 485 1200 quihus
516 1150 635 1188 rebus
667 1149 938 1200 indiguerunt,
971 1148 1126 1187 adiuvit.
1179 1149 1220 1188 P.
1242 1161 1334 1188 vero
1356 1148 1567 1187 Volumnio
1599 1160 1642 1188 ea

247 1264 284 1292 in
301 1260 438 1303 Epiro:
464 1260 515 1292 als
537 1270 572 1292 er
590 1259 743 1302 (Brutus)
760 1260 793 1292 in
812 1259 890 1303 Epi—

199 1315 256 1338 rus
282 1315 370 1347 war,
397 1316 452 1338 wo
477 1305 613 1338 Atticus
640 1315 758 1348 grosse
785 1305 890 1338 Giiter

199 1351 329 1384 besass.
369 1349 404 1385 S.
419 1361 446 1384 c.
470 1353 519 1392 11,
543 1353 569 1384 1.
600 1352 650 1392 14,
670 1353 700 1384 3.

245 1407 359 1438 neque
399 1397 451 1437 (eo
480 1398 598 1438 magis
630 1406 656 1430 s.
687 1406 728 1429 zu
758 1395 829 1429 Pel.
862 1399 889 1437 1,

201 1443 234 1482 3)
266 1441 392 1484 kniipft
420 1441 515 1474 nicht
544 1452 605 1481 an,
636 1440 782 1474 sondern
818 1444 891 1474 ent-

201 1486 331 1530 spricht
356 1486 432 1519 dem
458 1485 642 1528 folgenden
666 1497 791 1528 neque.
824 1487 891 1528 Eo,

200 1540 323 1574 wegcn
349 1531 407 1564 der
432 1531 453 1574 ξ
481 1534 499 1565 5
525 1530 737 1564 herichteten
762 1531 889 1564 Veran-

201 1576 340 1619 derung.

247 1621 415 1654 adulatus
433 1624 483 1653 est
499 1623 670 1654 Antonio
701 1621 802 1655 Diese
820 1632 886 1654 von

201 1667 316 1700 Livius
353 1677 395 1700 an
432 1665 607 1709 haufigere
648 1667 886 1700 Construction

200 1722 269 1745 von
280 1712 428 1744 adulari
438 1712 570 1745 scheint
580 1712 637 1745 hei
648 1712 764 1755 Nepos
774 1716 887 1746 zuerst

200 1757 479 1791 vorzukommen.

245 1802 281 1838 9.
311 1805 338 1837 1.
370 1802 538 1836 Sec-utum
563 1805 614 1834 est
638 1813 669 1835 u.
689 1812 715 1835 s.
734 1811 777 1835 W.
805 1813 834 1835 a.
853 1814 884 1836 u.

200 1850 278 1889 71¹,
303 1859 334 1880 v.
363 1848 437 1881 Chr.
456 1850 510 1881 43.
559 1847 696 1881 Ebenso
722 1848 789 1881 wie
813 1848 887 1881 hier

200 1893 268 1927 und
295 1904 322 1927 c.
342 1895 361 1926 8
388 1893 511 1935 fangen
538 1892 625 1926 Vell.
651 1893 687 1926 II.
713 1895 757 1927 40
782 1904 814 1926 u.
841 1895 881 1927 41

199 1939 286 1972 zwei
328 1938 711 1982 aufeinandersolgende
755 1939 884 1982 Capite]

201 1995 257 2018 an:
285 1984 415 2017 Secuta
438 1984 564 2017 deinde
583 1984 644 2017 Cn.
661 1985 807 2028 Pompei
822 1986 886 2016 mi-

201 2030 281 2063 litia
304 2029 373 2063 und
399 2030 550 2063 Secutus
575 2030 701 2062 deinde
729 2033 780 2062 est
805 2040 885 2063 con-

200 2075 338 2108 sulatus
365 2075 399 2110 C.
427 2075 598 2108 Caesam.

245 2120 330 2154 Dass
364 2121 507 2153 divinus
538 2120 610 2153 hier
633 2115 886 2162 ‘weissagend'‚

199 2162 327 2199 ‘Scher'
343 2165 507 2199 bedeutet
521 2167 611 2208 zeigt
625 2165 685 2198 das
700 2165 884 2207 Folgende.

201 2211 316 2255 Nepos
341 2211 457 2253 meint,
487 2211 547 2244 des
571 2210 706 2243 Atticus
731 2210 884 2243 Handeln

201 2257 282 2300 ging
306 2256 422 2290 weder
447 2267 507 2289 aus
524 2256 687 2299 Klugheit
712 2255 801 2289 noch
824 2266 885 2289 aus

201 2303 293 2335 einer
319 2301 514 2344 Sehergabe
539 2302 662 2334 hervor
696 2302 745 2341 (si
769 2301 886 2344 appel-

202 2348 310 2380 landa
329 2351 380 2380 est
395 2364 441 2377 =
457 2347 519 2380 sed
535 2357 603 2380 non
620 2349 672 2380 est
686 2348 789 2390 app.),
807 2357 886 2380 son·

201 2393 282 2426 (lern
308 2403 345 2426 es
370 2403 441 2426 war
464 2392 571 2435 Folge
602 2393 713 2426 seiner
745 2402 885 2426 unwan-

202 2438 362 2472 delbaren
386 2437 584 2471 Biederkeit
614 2437 682 2471 und
711 2437 884 2471 Bravheit.

203 2483 236 2516 C.
266 2486 317 2525 10,
342 2486 362 2517 6
398 2484 512 2517 rfihmt
545 2494 580 2517 er
605 2483 666 2516 mit
690 2482 797 2516 Recht
824 2494 886 2516 nur

201 2527 255 2561 die
279 2530 476 2570 singulm-is
495 2529 705 2572 prudentia.

247 2576 381 2614 agitur.
421 2575 455 2607 In
481 2574 598 2617 Bezug
624 2574 684 2608 auf
705 2573 886 2607 Gemtiths-

961 1260 1199 1302 bewegungen
1225 1258 1310 1291 wird
1343 1269 1452 1301 agere
1475 1260 1642 1293 zuweilen

962 1308 1046 1338 statt
1078 1305 1137 1338 des
1172 1303 1470 1346 gewohnlicheren
1501 1307 1644 1347 agitare

962 1350 1164 1393 gebraucht:
1192 1349 1280 1382 Curt.
1291 1348 1344 1383 VI.
1355 1351 1386 1391 9,
1398 1352 1417 1384 6
1429 1350 1546 1392 qualis
1555 1349 1644 1390 (sre-

961 1398 1083 1437 mitus)
1108 1395 1197 1427 solet
1226 1405 1296 1426 esse
1319 1395 1576 1438 multitudinis,
1609 1399 1643 1428 et

959 1442 1116 1473 maoeime
1139 1439 1326 1481 militaris,
1351 1441 1413 1472 ubi
1437 1444 1500 1473 aut
1522 1441 1641 1474 studio

961 1488 1086 1528 agitur
1110 1489 1174 1518 aut
1197 1488 1265 1517 ira.
1291 1484 1501 1520 Tac.Ann.I.
1515 1489 1556 1520 59
1575 1488 1643 1519 Ar-

956 1533 1107 1563 minium
1131 1541 1241 1572 supra
1267 1532 1413 1563 insitam
1437 1531 1644 1565 violentiam

956 1579 1063 1620 rapta
1083 1587 1188 1617 umor,
1205 1577 1383 1608 subtectus
1394 1578 1540 1610 servitio
1553 1587 1642 1611 usco-

957 1625 1009 1654 rz's
1032 1625 1157 1654 uterus
1183 1621 1365 1653 vecordem
1392 1624 1555 1663 agebant.

1004 1669 1033 1700 2.
1051 1668 1182 1699 hostem
1198 1666 1362 1699 iudicare
1376 1667 1462 1700 auch
1476 1667 1557 1701 Con.
1569 1669 1639 1710 4,1.

1002 1723 1079 1755 spes
1096 1712 1310 1744 restituendi
1325 1712 1437 1745 nulla.
1473 1712 1559 1747 Dass
1576 1712 1644 1746 An-

958 1758 1073 1791 tonius
1085 1757 1248 1790 Aussicht
1264 1757 1352 1791 habe
1371 1758 1441 1791 sich
1459 1757 1587 1792 wieder
1600 1769 1643 1792 zu

958 1803 1117 1844 erheben,
1142 1802 1272 1837 konnte
1298 1803 1406 1836 einem
1428 1803 1556 1847 klugen
1573 1803 1643 1837 und

957 1848 1016 1881 der
1040 1848 1274 1882 Verbaltnisse
1309 1848 1484 1892 kundigen
1520 1849 1643 1882 Manne

957 1894 1024 1927 wie
1047 1893 1184 1927 Atticus
1218 1893 1313 1927 nicht
1341 1894 1532 1937 verborgen
1558 1893 1641 1928 sein.

1001 1939 1226 1972 Restituendi
1248 1939 1293 1972 ist
1321 1939 1416 1973 nicht
1441 1939 1643 1983 passivisch,

956 1985 1104 2018 sonderu
1123 1985 1188 2018 wie
1202 1995 1229 2018 z.
1244 1983 1282 2018 B.
1299 1984 1365 2017 Cic.
1380 1983 1473 2018 Verr.
1491 1983 1514 2018 1.
1534 1987 1584 2027 18,
1598 1986 1641 2019 54

954 2029 1161 2072 frequentia
1187 2031 1297 2062 totius
1322 2029 1450 2062 Italiae
1476 2032 1642 2063 convenit

956 2085 1028 2108 uno
1055 2079 1210 2118 tempore
1234 2075 1393 2117 undique
1415 2077 1643 2108 comitiorum

957 2121 1124 2153 ludorum
1149 2120 1315 2153 censendi
1344 2131 1471 2163 eausa,
1504 2120 1547 2154 ad
1570 2120 1640 2154 Att.

955 2165 1022 2200 VII.
1050 2167 1111 2207 20,
1137 2167 1157 2199 2
1183 2165 1372 2208 turpitudo
1400 2165 1643 2210 coniungendi

955 2221 1034 2244 cum
1060 2215 1229 2255 tyranno,
1255 2210 1401 2244 Genetiv
1425 2211 1486 2245 des
1506 2210 1642 2245 absolu-

957 2260 1014 2290 ten
1040 2256 1391 2290 Verbalsubstantivs.

1003 2304 1033 2336 3.
1062 2302 1183 2336 Cicero
1214 2301 1313 2335 stand
1342 2301 1471 2336 damals
1496 2303 1530 2335 in
1554 2301 1639 2335 Rom

956 2357 998 2381 an
1023 2347 1083 2381 der
1107 2347 1223 2391 Spitze
1249 2347 1309 2381 des
1334 2345 1475 2389 Senats,
1504 2347 1641 2380 Brutus

956 2393 1037 2436 ging
1062 2393 1126 2426 den
1143 2393 1279 2426 Atticus
1303 2392 1459 2426 brieflich
1477 2403 1530 2427 an.
1572 2391 1638 2426 Cic.

955 2438 998 2471 ad
1022 2437 1116 2473 Brut.
1134 2438 1157 2472 1.
1178 2441 1230 2472 17.

1001 2486 1032 2517 4.
1058 2485 1095 2517 P.
1121 2484 1325 2517 Volumnio.
1366 2481 1400 2516 S.
1420 2492 1447 2515 c.
1468 2483 1517 2523 12,
1531 2484 1562 2516 4.
1596 2481 1640 2515 Er

955 2529 1064 2562 heisst
1089 2528 1156 2562 Cic.
1182 2529 1269 2562 Phil.
1291 2527 1372 2562 XIII.
1392 2529 1424 2568 2,
1443 2529 1461 2560 3
1486 2528 1640 2560 Antonii

956 2574 1113 2607 collusor
1143 2578 1178 2606 et
1206 2573 1350 2607 sodalis.
1408 2572 1531 2606 Scinen
1563 2572 1640 2606 Bei-
