1780 2877
261 162 342 202 236
867 165 1036 198 EXCURS
1061 166 1083 199 1.

264 289 340 311 cam
366 280 561 319 curabant,-
591 281 639 319 13,
658 281 677 312 4
704 280 789 311 haec
815 280 1040 319 iuventutem,
1067 280 1126 310 ubi
1148 277 1348 317 familiares
1370 289 1450 321 opes
1473 278 1687 321 defecerant,

262 324 309 357 ad
331 323 498 363 facinora
526 324 778 364 incendebant,·
806 326 858 364 16,
874 325 891 356 2
912 327 1004 366 post,
1030 325 1091 356 ubi
1108 333 1230 356 eorum
1246 322 1381 362 famam
1399 327 1503 366 atque
1517 324 1689 367 pudorem

262 371 465 410 attriverat,
492 372 629 401 maiora
654 369 727 401 alia
753 371 971 411 imperaban-
994 368 1063 411 Iug.
1083 371 1135 402 60.
1155 370 1173 402 3
1200 369 1259 400 ubi
1284 369 1398 400 hostes
1419 369 1567 411 paulum
1584 370 1689 402 modo

259 425 420 457 pugnam
450 416 678 456 remiserant,
709 416 839 446 intenti
868 414 1044 457 proelium
1080 417 1237 456 equestre
1256 415 1542 456 prospectabant.
1591 414 1690 448 Prae-

263 463 354 493 terea
378 460 576 503 plerumque
596 459 965 503 plusquamperfectum
983 459 1131 502 ponitur,
1157 469 1249 491 cum
1276 458 1458 502 apodosi
1483 470 1565 493 non
1590 460 1690 493 sim-

263 505 363 547 plex
389 506 527 545 actio,
561 504 635 537 sed
670 508 813 537 status
839 504 1006 547 quidam
1037 504 1334 547 significatur.
1385 503 1440 537 Sic
1465 503 1580 538 Cicero
1605 505 1691 538 dixit

262 550 356 583 Brut.
383 552 436 591 89,
462 552 526 583 305
554 560 768 592 quamquam
793 553 823 582 is
847 550 987 592 quidem
1012 550 1155 590 silebat,
1184 553 1226 581 ut
1251 552 1329 581 erat
1351 549 1458 581 semel
1479 560 1500 581 a
1527 553 1690 583 contione

264 598 429 627 universa
455 595 598 627 relictus
608 608 619 635 ,·
652 595 693 627 ad
718 595 787 627 Att.
815 594 853 627 V.
886 597 934 635 10,
965 598 978 628 1
1014 596 1056 629 [ἰ
1078 596 1236 627 Athenas
1261 605 1434 636 veneram,
1465 597 1691 637 eoepectabam

262 642 312 673 ibi
342 643 413 672 iam
445 643 609 682 quartum
636 640 729 672 diem
754 641 997 682 Pomptinum;
1029 639 1109 673 Sall.
1134 640 1203 682 lug.
1230 642 1284 682 44,
1310 642 1330 673 4
1355 643 1545 682 postquam
1575 639 1693 673 decre-

264 689 364 718 verat
388 696 460 717 non
487 685 609 727 egredi
630 686 829 727 provincia,
856 688 1026 726 quantum
1052 687 1220 727 temporis
1245 687 1458 718 aestivorum
1475 687 1514 718 in
1542 687 1692 728 imperio

261 730 343 772 fuit,
367 730 577 773 plerumque
600 730 731 762 milites
755 731 896 762 stativis
921 732 1048 762 castris
1073 731 1242 770 habebat5
1267 732 1321 772 88,
1351 733 1360 763 1
1392 730 1553 763 Metellus
1577 731 1693 763 laetis-

261 778 359 808 simis
383 777 513 808 animis
531 777 722 818 eoecipitur,
743 775 841 817 plebi
854 777 1097 817 patribusque,
1117 778 1308 818 postquam
1332 776 1469 808 invidia
1487 776 1693 817 decesserat,

263 824 368 853 iuoeta
394 831 508 863 carus,
533 821 553 854 i.
570 831 597 854 e.
625 831 701 853 cum
727 831 823 854 carus
850 825 951 855 esset.
990 820 1198 864 Quamquam
1224 819 1288 852 hoc
1306 830 1385 854 casu
1402 821 1573 854 invenitur
1589 821 1691 854 etiam

262 866 450 909 perfectum
476 866 565 910 apud
591 866 657 899 Cic.
683 877 714 909 p.
742 865 864 899 Roscio
890 866 963 899 Am.
990 868 1021 904 6,
1052 868 1089 899 16
1122 867 1355 907 Posteaquam
1384 868 1537 898 victoria
1563 868 1694 899 consti-

264 915 343 944 tuta
376 915 426 944 est
451 913 493 944 ab
521 915 700 953 armisque
724 913 948 953 recessimus,
976 921 1053 943 cum
1072 912 1384 953 proscriberentur
1408 911 1564 943 homines
1587 915 1693 954 atque

264 968 308 990 ea:
333 960 431 990 omni
455 959 602 999 regione
627 959 842 999 caperentur
867 959 904 998 ii,
931 959 994 999 qui
1018 957 1218 989 adversarii
1232 955 1344 994 fuisse
1358 957 1592 998 putabantur,
1616 961 1695 989 erat

261 1003 322 1035 ille
346 1002 476 1035 Romae
506 1001 674 1044 frequens
706 1005 810 1044 atque
834 1004 872 1033 in
896 1002 978 1041 foro
1005 1005 1038 1033 et
1064 1012 1124 1034 ore
1150 1003 1306 1034 omnium
1333 1002 1462 1034 cotidie
1486 1003 1693 1034 versabatur

265 1051 298 1081 et
323 1048 410 1090 Nep
447 1047 535 1080 Alc.
556 1050 586 1089 6,
606 1050 623 1081 3
650 1048 716 1079 Hic
740 1051 780 1079 ut
804 1059 820 1079 e
844 1050 930 1079 navi
953 1058 1111 1090 egressus
1137 1051 1196 1089 est,
1222 1057 1435 1089 quamquam
1463 1046 1694 1079 Theramenes

263 1097 297 1125 et
315 1093 387 1126 Thr
390 1093 558 1136 asybulus
575 1093 704 1125 eisdem
721 1094 824 1125 rebus
835 1104 883 1135 pr
885 1092 1075 1132 aefuerant
1089 1093 1263 1134 simulque
1280 1095 1452 1124 venerant
1466 1094 1504 1124 in
1521 1093 1693 1134 Piraeum,

264 1142 381 1171 tamen
400 1149 511 1170 unum
531 1149 648 1170 omnes
666 1138 766 1170 illum
780 1149 826 1181 pr
829 1140 1106 1181 osequebantur5
1133 1138 1258 1181 quibus
1275 1134 1387 1171 tamen
1405 1137 1490 1171 locis
1508 1147 1526 1170 a
1543 1148 1578 1171 re
1596 1141 1693 1180 gesta

263 1184 416 1227 pluribus
450 1184 562 1216 verbis
596 1183 782 1216 interiectis
809 1194 867 1226 per
893 1184 1120 1217 anacoluthon
1147 1183 1314 1227 quoddam
1341 1183 1382 1216 ad
1408 1186 1534 1216 statum
1559 1182 1692 1216 transiri

263 1229 406 1262 xidetur.
456 1228 527 1261 Huc
558 1228 729 1262 retulerim
763 1229 863 1262 etiam
891 1229 1061 1262 Ciceronis
1092 1229 1204 1262 locum
1231 1239 1272 1262 ex
1296 1228 1363 1262 div,
1388 1228 1423 1261 in
1449 1228 1544 1262 Caec.
1570 1230 1624 1270 2¹,
1650 1230 1692 1262 69

265 1278 339 1306 tum
363 1293 408 1298 —
434 1284 511 1306 cum
536 1275 571 1306 P.
596 1274 812 1316 Africanus,
838 1278 1074 1317 posteaquam
1108 1276 1159 1306 bis
1190 1274 1315 1307 consul
1345 1277 1380 1306 et
1410 1284 1534 1306 censor
1559 1272 1693 1315 fuerat,

264 1320 302 1352 L.
331 1319 467 1353 Cottam
493 1321 530 1351 in
556 1320 728 1352 iudicium
755 1322 922 1352 vocabat:
955 1330 1021 1363 quo
1046 1319 1263 1353 intervallum
1293 1318 1476 1362 significari
1500 1317 1692 1361 Madvigius

264 1365 397 1408 putavit
423 1374 562 1407 gramm.
587 1365 645 1398 lat.
673 1365 693 1408 ξ
719 1367 785 1399 338
819 1369 898 1399 11013
928 1368 961 1404 1;
994 1365 1055 1399 sed
1087 1365 1120 1398 id
1149 1364 1365 1398 intervallum
1390 1374 1499 1407 neque
1525 1363 1693 1397 indicatur

264 1420 374 1453 neque
405 1410 447 1443 ad
477 1420 565 1444 rem
600 1410 640 1443 de
675 1421 740 1461 qua
773 1410 934 1452 refertur,
966 1410 1069 1444 ullam
1098 1410 1167 1443 vim
1192 1410 1385 1450 habebat.*)
1432 1409 1585 1453 Denique
1610 1409 1693 1442 item

263 1455 635 1499 plusquamperfectum
660 1456 807 1499 ponitur,
838 1466 925 1489 cum
959 1456 1136 1499 apodosi
1162 1455 1335 1498 quidem
1360 1454 1552 1497 simplex
1577 1454 1691 1488 actio

265 1500 573 1544 significatur,
607 1501 839 1534 enuntiato
866 1506 1009 1534 autem
1035 1500 1287 1544 particulae
1313 1499 1520 1533 adiuncto
1545 1502 1692 1532 status

265 1546 336 1579 vel
361 1556 432 1579 res
458 1546 631 1579 actione
658 1546 836 1579 effecta.
873 1545 921 1579 Ita
948 1545 1036 1589 apud
1062 1546 1128 1579 Cic.
1144 1545 1236 1578 V.err
1251 1545 1305 1579 lv.
1321 1547 1374 1587 24,
1393 1548 1436 1578 54
1461 1546 1695 1598 Posteaquam

265 1595 403 1624 tantam
427 1591 691 1624 multitudinem
717 1591 911 1634 collegerat
933 1591 1188 1633 emblematum,
1212 1594 1253 1623 ut
1273 1602 1317 1623 ne
1335 1600 1444 1622 unum
1462 1590 1603 1632 quidem
1621 1591 1696 1623 cui-

265 1647 372 1679 quam
395 1637 606 1678 reliquisset,
630 1638 788 1669 instituit
813 1635 997 1677 officinam
1016 1637 1207 1680 Syracusis
1231 1638 1269 1668 in
1286 1637 1389 1678 regia
1405 1637 1613 1678 mamimam,
1635 1635 1695 1668 ubi

265 1681 634 1725 plusquamperfectum
669 1681 838 1724 significat
869 1682 1052 1714 collectam
1077 1683 1246 1722 lzabebat,·
1280 1680 1428 1714 Caelium
1454 1680 1496 1713 ad
1521 1680 1588 1715 Cic.
1615 1680 1692 1714 fam.

265 1726 345 1761 VIII.
373 1729 403 1769 8,
429 1729 448 1760 2
474 1726 520 1759 Μ.
547 1727 720 1760 Servilius
741 1730 946 1770 postquam,
973 1730 1012 1758 ut
1037 1730 1219 1770 coeperat,
1245 1728 1405 1759 omnibus
1431 1728 1468 1758 in
1492 1727 1595 1759 rebus
1620 1729 1695 1758 tur-

266 1773 370 1804 barat
392 1783 465 1814 nec,
490 1772 585 1814 quod
608 1783 680 1804 non
706 1772 880 1813 venderet,
906 1774 1095 1814 quicquam
1119 1772 1316 1814 reliquerat
1343 1773 1571 1815 maoeimaque
1595 1773 1695 1804 nobis

266 1818 420 1850 traditus
453 1821 531 1849 erat
562 1817 699 1849 invidia
731 1828 842 1860 neque
866 1817 1069 1850 Laterensis
1096 1821 1248 1860 praetor
1278 1817 1482 1860 postulante
1504 1818 1693 1858 Pausania,

265 1864 364 1894 nobis
385 1864 562 1904 patronis,
589 1873 654 1905 quo
682 1874 722 1894 ea
744 1865 897 1905 pecunia
918 1865 1154 1906 pervenisset,
1179 1866 1335 1906 recipere
1360 1862 1483 1905 voluit,
1509 1862 1548 1904 Q.
1571 1862 1696 1903 Pilius,

265 1909 484 1940 necessarius
507 1908 624 1940 mici
648 1910 779 1949 nostri,
806 1908 846 1940 de
871 1909 1078 1951 repetundis
1103 1919 1179 1941 eum
1204 1908 1415 1951 postulavit,
1446 1917 1546 1951 quem
1570 1907 1693 1948 locum,

380 1998 412 2038 *)
436 1997 497 2030 Mit
518 1997 623 2030 Recht
648 1998 855 2042 polemisiert
883 2009 990 2042 gegen
1018 1999 1110 2032 diese
1137 1999 1342 2032 3115361116116
1358 1997 1693 2040 Auffassungsweise

265 2043 349 2077 auch
374 2043 445 2076 Em
460 2042 639 2076 Hoffmann
664 2043 724 2076 Die
750 2043 990 2078 Construction
1009 2044 1066 2077 der
1082 2044 1304 2077 Iateinischen
1322 2041 1575 2086 Zeitpartikeln,
1593 2041 1694 2075 Wien

269 2090 364 2130 1873,
390 2087 424 2122 S.
452 2091 514 2122 6—
520 2091 572 2122 46.
621 2088 665 2121 Ει
689 2089 815 2122 61111311
839 2089 904 2122 (1611
929 2100 1060 2132 ganzen
1091 2088 1331 2131 vorliegenden
1363 2086 1695 2131 plusquamperfect-

264 2134 435 2177 gebrauch
460 2133 519 2167 auf
534 2133 649 2167 Grund
674 2133 732 2167 der
748 2133 950 2177 Bedeutung
975 2134 1033 2168 des
1056 2133 1390 2177 Plusquamperfects
1416 2133 1465 2166 als
1490 2133 1583 2166 eines
1607 2132 1694 2176 logi-

264 2179 423 2222 gischen,
456 2179 514 2212 das
548 2179 581 2212 in
607 2178 803 2213 demselben
829 2178 1044 2213 Verbaltniss
1073 2190 1114 2213 zu
1139 2179 1214 2212 dem
1240 2178 1442 2212 Prateritum
1468 2178 1527 2211 des
1551 2178 1693 2220 siberge-

264 2224 427 2258 ordneten
447 2223 565 2257 Satzes
583 2224 689 2266 stehe,
715 2224 781 2257 wie
800 2223 859 2257 das
878 2225 1029 2267 logische
1047 2223 1183 2258 Perfect
1200 2235 1277 2257 zum
1294 2224 1448 2257 Pr'asens.
1484 2222 1555 2256 Wir
1570 2223 1692 2265 haben,

264 2269 423 2312 ohgleich
448 2269 509 2302 mit
533 2268 711 2302 Hoffmann
737 2269 905 2303 durchaus
931 2270 1202 2313 einverstanden,
1227 2270 1315 2303 oben
1341 2269 1394 2303 die
1416 2267 1692 2312 Nipperdeysche

262 2314 487 2357 Behandlung
512 2314 571 2348 des
596 2314 768 2348 Materials
794 2315 920 2348 wieder
945 2315 1109 2359 gegeben,
1139 2315 1179 2348 da
1205 2314 1315 2348 dieser
1339 2314 1439 2348 keine
1465 2312 1693 2357 Begrfindung

263 2360 323 2393 des
347 2360 382 2393 in
406 2359 498 2393 Rede
525 2360 711 2393 stehenden
737 2359 950 2402 Gebrauchs‚
983 2360 1128 2394 sondern
1157 2371 1218 2394 nur
1244 2360 1318 2393 eine
1345 2359 1511 2412 Sichtung
1535 2358 1592 2391 der
1616 2368 1692 2391 vor-

263 2404 491 2439 kommenden
508 2405 599 2438 Ρ3116
624 2405 1084 2449 heabsichtigte.1ndessen
1108 2406 1292 2439 xerhehlen
1318 2406 1380 2438 wir
1403 2415 1466 2438 uns
1484 2403 1587 2443 nicht,
1612 2402 1691 2436 dass

263 2460 304 2483 zu
328 2450 433 2493 Folge
460 2450 518 2484 der
542 2450 729 2484 Hoffmann'
734 2451 835 2484 schen
861 2450 1089 2493 Abhandlung
1122 2450 1180 2484 der
1207 2451 1315 2484 vierte
1339 2450 1412 2484 Fall
1435 2449 1469 2482 in
1494 2448 1609 2491 Bezug
1633 2447 1694 2481 auf

264 2495 328 2528 den
354 2495 538 2529 Charakter
562 2495 620 2529 des
646 2495 890 2529 Vordersatzes
915 2496 1001 2530 auch
1027 2496 1085 2529 auf
1108 2496 1172 2530 den
1199 2496 1323 2530 dritten
1348 2495 1440 2529 seine
1464 2493 1691 2536 Anwendung

264 2538 368 2573 findet
393 2541 461 2574 und
486 2541 613 2574 ebenso
639 2541 725 2574 auch
749 2541 803 2574 die
828 2541 956 2575 zuletzt
981 2541 1205 2584 angefuhrten
1223 2541 1392 2584 Beispiele
1410 2538 1535 2573 61111311
1552 2538 1691 2572 werden

264 2583 401 2618 kdnnen
427 2588 466 2627 (s.
492 2585 671 2619 Hoffmann
698 2585 731 2620 S.
751 2588 793 2621 33
813 2586 865 2629 f.,)
899 2586 1061 2620 wahrend
1086 2586 1143 2620 der
1168 2591 1257 2620 erste
1281 2585 1350 2619 und
1374 2585 1496 2618 zweite
1522 2583 1592 2617 Fall
1617 2583 1688 2616 sein

264 2629 587 2664 Charakteristikum
614 2632 646 2664 in
674 2631 748 2664 dem
775 2631 900 2665 Wesen
926 2632 985 2665 des
1010 2632 1218 2665 Nachsatzes
1243 2631 1309 2664 1131.
