1780 2877
252 158 340 199 2218
766 155 868 190 XXV.
895 152 1092 187 ATTICUS.
1136 155 1184 186 10.

264 277 446 338 matibus,
468 273 723 314 familiaribus
745 272 848 318 eius,
872 268 1256 322 iepieliendebattm
1281 268 1386 319 quod
1407 280 1545 331 parum
1570 267 1698 307 odisse

266 333 388 372 malos
414 332 516 371 cives
539 331 746 370 videretui.
797 328 866 366 Ille
896 332 1048 373 autem,
1079 325 1139 365 sui
1168 323 1321 372 iudicii,
1354 324 1503 376 potius,
1536 325 1628 376 quid
1658 336 1702 364 se

268 391 395 430 sacele
417 401 488 441 pai
510 392 622 435 65561,
649 385 878 426 11111161131111
900 396 1030 435 quam,
1054 382 1147 433 quid
1169 381 1232 421 alii
1253 355 1447 420 1311711311111
1468 382 1610 422 folent.

199 449 247 485 10
387 447 493 486 Com
498 456 582 484 6153
603 443 733 483 subito
755 443 915 482 fortuna
936 447 1005 481 est.
1056 439 1106 479 Ut
1127 438 1323 478 Antonius
1345 438 1488 477 lediit
1479 452 1519 477 111
1542 438 1703 485 Italiam,

272 516 387 543 nemo
410 515 491 542 non
513 514 656 552 magno
681 500 722 539 111
744 499 920 551 periculo
943 498 1114 538 Atticum
1146 502 1301 548 putarat
1336 501 1498 547 pioptei
1528 495 1705 534 intimam

218 567 242 599 ⁷2
272 559 573 600 familiaritatem
596 557 798 597 Ciceronis
829 562 867 597 et
889 556 1012 595 Bruti.
1064 555 1199 606 Itaque
1232 555 1279 593 ad
1308 553 1515 593 adventum
1536 552 1705 604 impera·

269 623 400 656 torum
422 617 469 655 de
491 616 576 654 foro
599 614 819 654 decesserat
840 614 982 653 timens
1003 611 1333 665 proscriptionem
1359 609 1582 661 latebatque
1603 608 1707 660 apud

269 674 311 713 P.
336 672 609 720 Volumnium,
643 672 724 721 cui,
762 677 805 711 ut
841 670 1104 719 ostendimus,
1135 669 1252 722 paulo
1289 673 1379 709 ante
1419 679 1534 725 opem
1567 665 1708 710 tulerat

271 735 394 779 (tanta
424 729 586 770 varietas
616 729 676 771 his
708 732 953 808 tempotibus
983 732 1056 772 suit
1085 729 1288 779 fcitunae,
1320 736 1364 770 ut
1392 732 1508 770 modo
1530 730 1570 770 hi
1591 729 1707 770 modo

268 787 356 848 illi
348 800 387 827 111
410 799 564 831 summo
587 794 720 841 esser}t
740 795 808 840 gut
823 790 1014 850 dgfigmf
996 804 1034 836 a·
1033 795 1060 814 ff
1051 787 1284 846 periculo),
1306 787 1553 854 habebatque
1574 801 1709 828 secum

226 861 244 895 3
275 843 320 903 Q.
344 857 510 898 Gellium
534 859 703 907 Canum,
736 858 939 910 aequalem
969 851 1289 901 simillimumque
1319 846 1391 887 sui.
1445 846 1529 887 Hoc
1551 858 1710 899 quoque

270 915 320 954 sit
341 915 457 955 Attici
479 916 665 955 bonitatis
695 916 940 967 exemplum,
976 913 1082 975 quod
1114 923 1203 951 cum
1233 922 1300 959 60,
1334 918 1451 961 quem
1480 918 1649 960 puerum
1668 904 1710 951 in

270 971 362 1011 ludo
394 978 605 1025 cognorat,
638 973 733 1012 adeo
764 973 978 1012 coniuncte
1010 969 1121 1017 vixit,
1155 973 1197 1008 ut
1226 968 1274 1007 ad
1304 972 1519 1007 extremam
1545 973 1709 1009 aetatem

222 1034 240 1066 4
271 1029 439 1070 amicitia
461 1042 598 1069 eorum
629 1029 806 1069 creverit.
858 1029 1055 1069 Antonius
1087 1031 1239 1074 autem,
1273 1025 1345 1065 etsi
1366 1031 1474 1066 131110
1498 1026 1586 1068 01110
1608 1029 1709 1070 fere-

272 1088 387 1127 batur
408 1088 448 1127 in
472 1087 722 1135 Ciceronem,
756 1092 798 1126 ut
829 1100 911 1126 non
944 1087 1071 1126 solum
1100 1081 1155 1135 ei,
1190 1083 1258 1123 sed
1281 1083 1395 1124 etiam
1417 1086 1602 1126 omnibus
1624 1087 1707 1127 eius

272 1144 405 1184 amicis
427 1150 528 1183 esset
549 1143 734 1183 inimicus
760 1157 907 1195 eosque
937 1144 1051 1184 vellet
1081 1141 1351 1195 proscribere,
1383 1143 1516 1183 multis
1546 1143 1707 1184 hortan-

270 1201 374 1240 tibus
396 1206 527 1239 tamen
551 1200 667 1239 Attici
688 1213 841 1240 memor
864 1201 936 1240 suit
958 1201 1075 1240 officii
1098 1206 1136 1239 et
1157 1200 1203 1249 ei,
1237 1212 1328 1240 cum
1348 1200 1589 1252 requisisset,
1621 1201 1708 1241 uhi-

315 1280 400 1320 61113,
415 1277 464 1311 315
483 1277 602 1310 stende
621 1280 704 1311 statt
720 1270 779 1312 des
794 1278 954 1321 passiven

270 1324 328 1358 der
350 1324 460 1356 active
477 1322 658 1356 Ausdruck
676 1324 771 1364 (eum
789 1324 955 1356 nonnulli

1067 1282 1225 1333 putmac.
1275 1277 1347 1311 Wi1
1380 1288 1485 1330 sagea
1511 1273 1618 1312 ‘hatte
1651 1289 1709 1322 ge-

1025 1320 1169 1366 glaubt’,
1202 1323 1316 1357 indem
1355 1324 1417 1356 wir
1453 1324 1550 1357 einen
1585 1324 1708 1358 Bedin-

271 1372 473 1413 optimates,
497 1368 701 1408 familiares
725 1372 809 1411 eius,
836 1380 955 1412 repre-

269 1415 496 1456 hendebant).
516 1413 591 1457 Vgl.
606 1426 647 1449 zu
661 1415 779 1448 Them.
793 1417 824 1458 8,
840 1417 870 1449 2.
896 1414 952 1448 Hs.

270 1461 465 1494 tiberliefert
478 1460 522 1493 ist
541 1471 603 1493 nur
620 1462 851 1504 optimatibus
868 1462 954 1502 eius,

269 1517 340 1540 was
354 1506 478 1540 keinen
492 1505 576 1539 Sinn
590 1506 685 1549 giebt
698 1506 766 1539 und
780 1505 954 1539 entweder

269 1552 373 1585 durch
405 1551 659 1594 Einschiebung
692 1551 784 1584 eines
819 1550 952 1584 Wortes

269 1598 334 1630 wie
351 1596 597 1637 familiaribus
610 1596 725 1639 (Roth,
739 1597 854 1639 Nipp.)
873 1596 953 1629 oder

268 1643 373 1676 durch
384 1642 638 1684 Verwandlung
651 1653 718 1675 von
732 1644 806 1674 eius
819 1642 853 1674 in
871 1652 952 1674 con-

268 1691 399 1721 iunctis
423 1687 620 1730 (Eberhard)
646 1687 876 1721 versttindlich
894 1698 950 1730 ge-

267 1734 381 1767 macht
407 1733 543 1766 werden
568 1743 670 1766 muss.

312 1781 370 1812 sui
393 1779 522 1811 iudicii
548 1789 573 1811 s.
593 1789 635 1811 zu
659 1778 723 1820 Ag.
742 1780 772 1818 8,
791 1779 821 1811 2.
859 1777 950 1810 Ganz

268 1825 394 1858 ebenso
420 1827 496 1867 sagt
521 1823 614 1857 Suet.
641 1822 716 1856 Tib.
746 1825 784 1856 18
815 1833 952 1866 semper

265 1881 330 1913 per
354 1870 444 1902 alias
464 1871 522 1901 sai
539 1870 682 1901 arbitrii
699 1872 952 1911 contentusque

266 1927 301 1948 se
320 1926 390 1948 ano
405 1919 488 1948 tune
502 1918 648 1958 praeter
661 1915 952 1947 consuetudinem

269 1972 347 1994 cum
373 1961 613 2004 compluribus
638 1960 680 1993 de
704 1962 845 1992 ratione
870 1960 953 1992 belli

268 2008 554 2040 communicavit.

314 2053 500 2085 laudaturi
514 2051 647 2091 forent.
673 2050 707 2085 S.
725 2061 767 2084 zu
780 2051 858 2094 Lys.
874 2052 904 2092 3,
920 2053 950 2085 5.

312 2097 370 2134 10.
400 2100 427 2132 1.
452 2098 638 2140 Conversa,
662 2097 767 2131 durch
786 2095 846 2131 das
863 2096 949 2130 auch

267 2145 313 2178 1111
330 2144 431 2178 Jahre
457 2145 498 2178 43
522 2154 552 2177 v,
568 2143 642 2181 Chr.
663 2141 948 2189 abgeschlossene

267 2190 473 2224 Triumvirat
519 2189 691 2225 zwischen
732 2191 948 2235 Octavianus,

267 2236 435 2270 Antonius
468 2237 537 2270 und
567 2237 713 2281 Lepidus
750 2239 951 2278 (trizcmviri

266 2284 320 2314 rei
340 2283 506 2326 publicae
530 2283 824 2324 constituendae).

306 2329 479 2371 periculo.
515 2328 614 2362 Ware
632 2328 799 2362 Antonius
825 2339 863 2362 so
889 2340 948 2362 un-

263 2373 417 2408 dankbar
441 2384 603 2417 gewesen
620 2374 685 2408 den
701 2374 875 2417 Antriigen
893 2375 953 2408 anf

263 2420 324 2454 des
348 2419 482 2453 Atticus
504 2420 735 2464 Proscripti0n
760 2420 950 2463 nachzuge-

263 2466 329 2498 ben
355 2465 388 2508 (ξ
405 2467 451 2507 4),
477 2476 515 2499 50
542 2465 657 2499 wtirde
683 2465 776 2498 seine
801 2465 948 2499 Freund-

265 2510 375 2543 schaft
406 2511 467 2544 mit
493 2511 608 2545 Cicero
643 2510 710 2545 und
734 2510 858 2544 Brutus
884 2522 947 2545 nur

264 2554 434 2589 Vorwand
467 2566 628 2599 gewesen
663 2556 735 2590 sein
773 2556 875 2598 (1161111
911 2567 945 2590 er

264 2600 356 2633 hatte
388 2601 459 2634 sich
491 2602 632 2635 deshalb
666 2602 759 2635 nicht
791 2612 945 2644 compro-

263 2645 428 2687 mittiert),
455 2646 507 2680 die
534 2647 681 2681 Ursache
708 2647 780 2680 sein
806 2647 899 2680 Geld.

1025 1372 1208 1412 gungssatz
1246 1364 1373 1411 (wenn
1413 1379 1448 1402 er
1484 1369 1577 1402 nicht
1613 1370 1706 1404 eines

1023 1414 1159 1448 Andern
1198 1414 1329 1447 belehrt
1367 1413 1482 1456 ware)
1519 1414 1564 1447 im
1602 1413 1707 1449 Sinne

1023 1460 1152 1499 haben,
1183 1460 1237 1493 die
1266 1459 1421 1493 Lateiner
1450 1459 1584 1493 denken
1615 1460 1707 1494 heim

1022 1505 1186 1538 Indicativ
1211 1505 1308 1538 einen
1328 1505 1407 1538 Satz
1432 1505 1494 1538 mit
1515 1508 1707 1548 antequam

1023 1550 1104 1584 oder
1111 1552 1336 1593 priusquam.
1358 1550 1468 1585 Plaut.
1480 1550 1572 1584 Pers.
1585 1550 1622 1584 Π.
1642 1553 1669 1593 1,
1684 1554 1705 1585 4

1022 1607 1075 1628 me
1108 1596 1246 1638 quidem
1275 1599 1347 1628 iam
1371 1597 1459 1628 satis
1483 1597 1548 1628 tibi
1570 1599 1706 1639 specta-

1024 1645 1095 1674 tam
1113 1652 1318 1674 censueram
1336 1652 1407 1673 esse
1423 1644 1459 1673 et
1474 1652 1568 1674 meos
1579 1652 1704 1678 mores.

1021 1686 1058 1725 Q.
1077 1686 1235 1720 Metellus
1255 1687 1351 1719 Celer
1368 1687 1399 1720 b.
1419 1686 1486 1721 Cic.
1505 1686 1547 1720 ad
1566 1686 1644 1722 fam.
1663 1686 1703 1721 V.

1025 1734 1084 1773 1,1
1113 1734 1361 1765 ewistimaram
1378 1743 1442 1765 nee
1457 1743 1512 1765 me
1529 1734 1706 1766 absentem

1022 1777 1177 1810 ludibrio
1197 1777 1327 1811 laesam
1344 1780 1393 1810 iri
1409 1789 1473 1811 nee
1486 1789 1518 1813 u.
1529 1788 1556 1812 s.
1567 1789 1610 1814 w.
1637 1778 1704 1813 Cic.

1022 1822 1063 1855 de
1081 1822 1138 1858 off.
1155 1823 1176 1856 I.
1193 1825 1245 1865 23,
1261 1825 1299 1858 81
1329 1826 1557 1866 committere,
1582 1827 1623 1857 ut
1639 1824 1704 1857 ali-

1023 1869 1165 1923 quando
1199 1869 1386 1902 dicendum
1414 1872 1463 1903 sit
1483 1865 1578 1903 ‘Non
1595 1873 1704 1913 pata·

1020 1910 1122 1948 ram'.
1174 1913 1245 1948 Val.
1273 1914 1360 1949 Max.
1378 1915 1444 1949 Vll.
1471 1917 1506 1958 2,
1533 1917 1551 1949 2
1583 1916 1703 1970 Scipio

1022 1959 1220 1999 lstieanzcs
1246 1964 1348 2013 turpe
1373 1972 1443 1993 esse
1468 1962 1586 1994 aiebat
1608 1964 1646 1994 in
1664 1973 1704 1995 re

1023 2006 1174 2039 militari
1197 2006 1316 2040 dicere
1338 2001 1431 2039 Λονι
1450 2003 1644 2048 pataram’.

1069 2054 1099 2087 2.
1124 2052 1315 2085 aduentam
1341 2051 1375 2085 in
1399 2051 1496 2087 Rom.

1063 2101 1331 2143 imperatorum,
1345 2098 1403 2134 der
1416 2099 1619 2143 Triumvirn,
1634 2100 1699 2135 wie

1018 2155 1046 2181 6.
1069 2148 1119 2188 11,
1142 2148 1167 2180 1.

1064 2192 1106 2224 de
1128 2191 1212 2231 foro
1237 2192 1444 2233 decesserat,
1471 2192 1502 2225 d.
1522 2192 1552 2226 h.
1575 2202 1610 2226 er
1635 2201 1700 2235 zog

1019 2238 1091 2272 sich
1106 2248 1184 2271 vom
1202 2237 1423 2272 offentlichen
1436 2238 1549 2272 Leben
1562 2237 1699 2272 zuriick.

1063 2284 1170 2327 apud,
1194 2283 1258 2317 wie
1275 2283 1483 2326 Η31111.12,1
1504 2283 1602 2327 apud
1614 2284 1701 2316 Fla-

1018 2332 1179 2372 miniam,
1203 2329 1248 2363 ist
1273 2330 1306 2363 in
1332 2329 1390 2363 der
1415 2310 1616 2382 B⁷edeutung
1640 2329 1699 2364 des

1018 2375 1272 2409 11311Ζὸ515611611
1302 2376 1387 2408 61165
1417 2370 1463 2408 ‘in
1488 2374 1564 2407 dem
1588 2373 1699 2409 Hause

1017 2415 1207 2454 Jemandes'
1236 2431 1304 2454 von
1337 2420 1395 2454 der
1422 2419 1511 2454 alten
1539 2419 1698 2454 Combdie

1017 2466 1087 2507 her,
1114 2477 1168 2499 wo
1194 2476 1230 2500 es
1255 2466 1332 2499 sehr
1356 2465 1407 2499 oft
1428 2464 1631 2507 vorkommt,
1657 2477 1699 2500 zu

1017 2511 1106 2545 allen
1119 2512 1237 2545 Zeiten
1252 2510 1490 2554 gebrauchlich
1505 2510 1697 2553 gehlieben.

1061 2559 1091 2591 4.
1117 2558 1238 2590 multis
1262 2557 1507 2597 hortantibus,
1533 2556 1633 2590 1131111.
1660 2560 1700 2590 ut

1013 2603 1046 2634 Α
1049 2604 1172 2635 tticum
1192 2602 1440 2645 proscriberet.

1060 2646 1184 2687 officii.
1221 2646 1254 2681 S.
1274 2657 1301 2682 c.
1320 2648 1351 2689 9,
1369 2648 1388 2681 3
1403 2645 1436 2681 ff.
