1780 2877
210 123 291 163 254
791 124 961 159 EXGURS
988 125 1054 159 Vll.

208 239 293 282 lybii
318 239 489 272 silentium
506 238 643 271 minime
661 238 821 271 credibile
840 242 901 278 est,
927 237 1083 270 dictator
1099 238 1300 281 appellatur.
1342 238 1505 273 Videntur
1526 243 1639 273 autem

207 285 272 317 1106
298 284 432 318 1101111116
458 284 601 316 maxime
628 283 757 326 antiqui
783 283 836 316 usi
861 293 947 323 esse,
975 283 1067 316 velut
1085 287 1218 325 praeter
1235 283 1396 316 Catonern
1413 285 1446 317 in
1465 284 1565 318 Duilii
1584 296 1639 318 co-

207 330 321 363 lumna
345 333 488 363 rostrata
514 328 703 362 imitatione
729 328 941 371 antiquitatis
967 327 1097 361 Claudii
1123 332 1234 362 aetate
1260 329 1448 371 composita
1473 330 1507 364 C.
1532 330 1556 363 1.
1576 330 1639 363 L.1

207 386 239 418 p.
265 377 306 409 38
332 386 364 409 ι’.
391 377 409 409 8
435 375 519 408 11366
543 374 688 416 legimus
712 373 746 406 in
771 373 861 406 hunc
886 372 1022 406 modum
1048 384 1066 406 a
1090 373 1172 406 viris
1197 373 1306 407 doctis
1332 374 1506 417 suppleta:
1534 378 1636 416 [max]

205 431 307 452 umas
332 422 451 463 copias
478 420 755 453 Cartaciniensis
776 418 999 461 praesente[d
1023 418 1220 460 Hanibaled]
1253 419 1453 452 dictatored
1476 420 1637 461 ol[or]um

206 466 347 498 inaltod
367 466 487 497 marta
507 464 731 507 pacn[and0d
755 464 872 506 vicet}
914 463 1092 497 Praeterea
1116 464 1334 497 Hasdrubalis
1353 464 1552 498 dictaturas
1573 477 1639 498 un-

206 511 317 544 decim
341 511 488 544 lustinus
505 509 587 542 XIX.
611 513 638 550 1,
657 512 673 542 7
694 513 944 543 commemorat.
986 509 1070 541 Livii
1096 509 1191 543 locus
1209 509 1321 542 XXIII.
1343 512 1394 551 13,
1413 511 1431 544 8
1451 514 1543 543 recte
1567 511 1639 554 ple-

204 557 318 599 risque
344 559 521 598 corruptus
546 554 696 592 videtum
722 554 833 587 minus
857 558 949 587 recte
975 559 1155 597 suspectus
1180 555 1241 588 11111
1268 555 1418 588 Frontini
1437 554 1583 598 Strateg.
1601 556 1636 590 11.

208 605 236 643 1,
254 605 274 635 4
293 606 325 634 et
341 602 532 633 dictatores
551 600 903 641 Carthaginiensium
921 600 1050 631 cotidie
1070 604 1151 632 ante
1174 602 1250 642 ipsa
1275 603 1495 632 munimenta
1513 600 1639 633 Roma-

204 657 332 680 norum
358 647 556 687 dirigerent
580 647 701 686 aciem,
726 644 784 677 ubi
808 649 900 677 recte
919 643 1175 687 Oudendorpius
1200 645 1233 678 in
1254 646 1342 678 curis
1361 645 1518 679 secundis
1536 646 1639 688 signi-

205 693 298 726 ficari
324 691 441 725 statuit
460 690 681 723 Hannibalem
706 689 883 732 Agrigenti
908 689 1076 721 inclusum
1102 695 1135 722 et
1160 690 1357 723 Hannonem
1381 691 1460 724 huic
1485 691 1637 724 subsidio

204 738 356 779 missum,
382 746 525 779 quorum
551 735 608 768 ille
630 737 826 777 imperator
842 735 1051 775 Poenorum,
1077 735 1131 767 hic
1148 737 1344 777 imperator
1360 747 1473 768 novus
1490 736 1639 769 Cartha-

200 785 418 825 giniensium
444 781 485 814 ab
512 781 630 814 Orosio
656 780 709 813 IV.
737 783 754 812 7
783 783 934 813 vocatur.
983 779 1071 811 Dua·
1096 790 1300 823 quamquam
1324 781 1540 824 plerumque,
1566 782 1638 825 qui-

205 838 348 872 cumque
374 826 538 860 militibus
556 829 701 869 praeest,
729 825 919 868 appellatur
936 828 969 858 et
987 825 1095 867 magis
1112 835 1181 858 rem
1200 835 1300 867 quam
1319 825 1517 868 dignitatem
1535 827 1639 869 signi-

203 874 293 915 ficat,
318 873 413 906 velut
439 872 638 904 Hannibale
665 871 762 912 duce,
787 870 991 903 Hamae'lcare
1016 870 1105 903 daec
1128 870 1217 914 apud
1242 871 1311 904 Liv.
1337 871 1421 903 XXI.
1451 874 1480 913 1,
1509 874 1534 904 1.
1557 874 1588 908 2,
1606 874 1637 914 2,

203 926 315 953 13111611
340 927 594 960 nonnumquam
620 916 825 960 peculiarem
852 916 953 949 habet
979 916 1101 948 summi
1126 915 1221 949 ducis
1246 915 1542 958 significationem,
1572 913 1638 960 qua

201 965 315 998 Livius
341 963 381 997 de
399 962 586 996 Hannibale
611 962 694 995 11366
720 961 835 1005 posuit
852 961 937 993 XXI.
956 964 986 1002 5,
1009 963 1022 994 1
1043 972 1088 993 ea:
1109 972 1176 1003 quo
1195 961 1252 993 die
1268 961 1343 994 ἆται·
1364 965 1414 994 cst
1437 961 1640 994 declaratus

202 1016 235 1043 et
264 1011 315 1050 12,
343 1012 356 1042 1
385 1008 459 1041 Nec
484 1008 641 1050 Sagunti
666 1009 886 1049 oppugnatio
911 1008 1056 1048 segnior
1080 1010 1159 1038 erat
1180 1007 1406 1050 Maharbale,
1431 1007 1640 1040 Himilconis

200 1056 277 1096 filio
296 1056 391 1094 (eum
406 1053 632 1096 praefecerat
649 1052 843 1093 Hannibal)
862 1054 914 1084 ita
929 1054 1082 1094 impigre
1095 1063 1167 1084 rem
1182 1056 1317 1094 agente,
1334 1056 1375 1085 ut
1387 1053 1509 1085 ducem
1523 1054 1639 1085 abesse

200 1112 264 1133 nec
289 1103 379 1134 cives
404 1110 468 1131 nec
485 1100 600 1131 hostes
616 1100 798 1130 sentirent.
837 1098 881 1130 At
903 1097 1075 1140 proprium
1094 1097 1194 1130 huius
1210 1098 1258 1130 rei
1275 1097 1479 1131 vocabulum
1498 1103 1531 1131 et
1549 1098 1639 1141 apud

201 1156 318 1179 omnes
335 1145 517 1188 scriptores
535 1143 845 1187 frequentissimum
864 1147 915 1175 est
931 1145 1136 1185 imperator,
1154 1153 1263 1185 eoque
1277 1142 1392 1186 Nepos
1405 1143 1498 1177 Ham.
1513 1145 1545 1185 2,
1561 1146 1590 1176 3.
1605 1145 1636 1185 3,

205 1195 232 1226 1.
245 1191 351 1224 Hann.
366 1193 397 1231 2,
409 1194 439 1224 3.
452 1192 481 1231 3,
498 1192 525 1223 1.
536 1192 554 1223 2
570 1199 679 1232 neque
695 1188 765 1221 ullo
780 1188 846 1221 alio
861 1198 941 1221 usus
956 1193 1018 1222 est.
1045 1187 1155 1221 Unum
1169 1188 1272 1231 igitur
1284 1188 1428 1232 relinqui
1442 1188 1586 1230 videtur,
1600 1193 1637 1222 ut

200 1237 368 1280 Nepotem
387 1236 435 1268 sie
453 1235 629 1278 scripsisse
647 1233 851 1267 iudicemus:
871 1234 948 1266 Hac
963 1237 1004 1265 ut
1018 1233 1136 1275 rediit,
1154 1245 1221 1266 rea·r
1236 1233 1356 1272 lactus
1373 1237 1433 1276 est,
1449 1237 1636 1277 postquam

199 1284 396 1325 imperator
419 1280 554 1323 fecerat,
580 1290 673 1312 anno
698 1279 853 1312 secundo
879 1283 911 1311 et
932 1281 1107 1312 vicesimo.
1151 1280 1194 1314 L‘t
1210 1281 1303 1312 enim
1321 1279 1452 1312 Romae
1470 1279 1636 1321 consules,

198 1330 249 1360 sic
275 1327 494 1368 Carthagine
519 1326 710 1368 quotannis
734 1326 848 1357 annui
872 1326 946 1356 bini
969 1335 1070 1366 reges
1095 1326 1321 1357 creabantur.
1362 1325 1411 1357 Ex
1437 1325 1560 1368 quibus
1585 1333 1635 1365 ea,

200 1383 286 1416 quae
311 1382 400 1405 nunc
424 1371 594 1414 leguntur,
619 1371 666 1404 ita
684 1375 758 1403 orta
776 1380 851 1403 esse
868 1375 1025 1413 possunt,
1051 1374 1086 1403 ut
1105 1370 1239 1413 aliquis,
1266 1370 1323 1413 qui
1342 1381 1360 1403 a
1377 1370 1471 1402 Livio
1490 1368 1633 1402 xxxlu.

198 1421 240 1452 413
260 1419 294 1451 111
312 1417 429 1451 eadem
447 1427 482 1450 re
500 1415 662 1449 tradenda
679 1415 900 1448 Hannibalem
914 1419 1117 1457 praetorem
1139 1415 1204 1448 dici
1228 1415 1378 1458 legisset,
1402 1415 1488 1448 hanc
1513 1424 1633 1447 vocem

198 1466 278 1506 regi
302 1462 507 1505 ascripserit,
533 1461 652 1494 deinde
680 1461 765 1494 alius
781 1464 985 1503 praetorem
1007 1471 1066 1503 pro
1084 1470 1177 1501 rege,
1204 1464 1237 1493 et
1254 1470 1328 1493 cum
1347 1461 1499 1503 proxima
1515 1470 1633 1502 regem

198 1508 253 1541 1116
279 1510 579 1541 commemoratum
605 1516 679 1539 esse
704 1506 973 1539 demonstrarent
999 1509 1031 1537 et
1058 1505 1203 1538 sortasse
1228 1505 1329 1538 simul
1353 1505 1427 1548 ipse
1452 1505 1516 1538 sibi
1542 1504 1634 1538 dein-

199 1564 279 1597 ceps
304 1564 372 1586 11011
396 1555 664 1595 imperatorem,
690 1551 749 1584 sed
771 1554 973 1594 praetorem
998 1550 1111 1592 legere
1136 1550 1317 1592 videretur,
1341 1561 1460 1592 regem
1484 1561 1545 1593 pro
1569 1553 1634 1582 im-

190 1602 362 1642 peratore
379 1597 542 1641 posuerit.
583 1597 731 1640 Apparet
749 1599 862 1629 autem
888 1606 963 1629 cum
988 1596 1051 1628 1136
1075 1596 1206 1628 ratione
1231 1606 1298 1628 non
1324 1595 1504 1629 convenire
1529 1595 1632 1629 verba

198 1645 218 1687 ξ
238 1647 257 1679 6
275 1644 412 1676 Deinde
437 1654 532 1675 anno
555 1645 635 1684 post
656 1645 877 1684 praeturam,
902 1641 947 1673 M.
968 1641 1115 1673 Claudio
1140 1640 1179 1672 L.
1197 1641 1314 1673 Furio
1340 1641 1550 1674 consulibus.
1590 1640 1632 1673 Et

197 1689 425 1731 Heusinger-us
452 1687 588 1731 quidem
612 1697 713 1720 unam
737 1697 858 1720 vocem
879 1689 1088 1728 praeturam
1114 1686 1352 1729 interpolatam
1378 1686 1559 1728 iudicabat,
1585 1687 1632 1719 ita

196 1739 235 1768 ut
251 1733 473 1767 Hannibalem
499 1737 649 1766 extremo
676 1743 764 1765 anno
782 1734 848 1765 200
867 1743 897 1774 p.
918 1732 974 1763 Ch.
1002 1730 1138 1764 domum
1163 1735 1372 1774 revocatum,
1396 1732 1550 1775 proximo
1575 1731 1632 1764 de-

196 1780 378 1823 signatum,
403 1778 604 1820 magistratu
626 1779 687 1810 198
714 1787 781 1809 11011
807 1776 956 1810 calendis
973 1777 1145 1817 Ianuariis,
1172 1776 1231 1809 sed
1256 1777 1363 1810 serius
1388 1777 1472 1810 inito
1494 1779 1554 1811 197
1575 1776 1631 1810 de-

194 1835 287 1858 mum
312 1825 423 1857 abisse
448 1826 624 1856 statueret.
664 1823 709 1855 At
733 1822 819 1855 hanc
837 1822 1056 1855 artificiosam
1073 1822 1237 1855 rationem
1255 1822 1403 1855 refutant
1418 1822 1521 1855 verba
1534 1825 1632 1865 post-

196 1881 300 1913 quam
328 1871 523 1912 imperator
545 1867 685 1909 fuerat,
720 1879 812 1900 anno
837 1868 991 1900 secando
1016 1871 1049 1899 et
1083 1869 1264 1909 elce-simo,
1298 1877 1384 1910 quae
1408 1867 1629 1901 Hannibalem

194 1926 282 1949 anno
313 1917 349 1948 19
376 1914 521 1947 sufetem
547 1913 674 1946 factum
700 1923 774 1946 esse
800 1913 984 1954 declarant,
1009 1912 1101 1956 quod
1125 1912 1213 1945 idem
1239 1913 1366 1956 optime
1391 1913 1432 1946 iis
1460 1913 1628 1953 convenit,

195 1971 280 2003 quae
306 1964 404 1993 antea
428 1962 560 1992 narrata
577 1962 665 2000 sunt,
692 1969 768 1991 curn
786 1969 874 1992 anno
893 1960 958 1992 200
976 1958 1080 2000 legati
1097 1958 1238 1992 Romani
1256 1958 1297 1991 de
1316 1968 1355 1991 eo
1374 1961 1487 1991 essent
1505 1958 1627 2001 questi,

192 2006 415 2039 Hannibalem
440 2004 576 2037 domum
602 2008 799 2037 revocatum
824 2008 869 2046 et,
894 2008 931 2037 111
956 2003 1109 2045 redierit,
1133 2013 1248 2045 regem
1274 2014 1349 2036 esse
1375 2003 1518 2036 factum:
1544 2003 1627 2036 haec

193 2052 293 2093 enim,
319 2051 523 2094 quicumque
549 2050 614 2083 3113
640 2049 781 2083 edoctus
807 2060 874 2083 non
900 2049 1011 2090 suerit,
1037 2049 1082 2081 ita
1107 2049 1267 2091 accipiet,
1292 2052 1330 2081 ut
1354 2048 1448 2081 nullo
1473 2048 1626 2091 longiore

193 2097 304 2140 spatio
329 2096 506 2129 interiecto
532 2106 568 2128 se
594 2095 799 2138 exceperint.
847 2094 1075 2136 Heusingerus
1101 2098 1233 2135 autem,
1266 2093 1323 2136 qui
1348 2093 1490 2127 liberare
1516 2103 1626 2127 errore

192 2142 359 2186 Nepotem
385 2141 516 2182 studet,
543 2141 685 2174 alterum
711 2141 741 2173 ei
766 2140 917 2182 affingit,
949 2143 985 2172 ut
1011 2139 1051 2171 de
1077 2142 1248 2181 tempore,
1283 2149 1350 2181 quo
1375 2138 1541 2172 Hannibal
1566 2139 1627 2172 im-

191 2191 327 2231 perator
350 2190 421 2220 erat
446 2190 590 2227 creatus,
616 2186 707 2229 quod
732 2189 802 2218 erat
819 2185 1044 2226 notissimum,
1069 2184 1239 2217 erraverit.
1280 2183 1368 2225 Fuit,
1394 2184 1452 2227 qui
1469 2187 1503 2217 et
1521 2195 1627 2227 prae-

193 2237 312 2266 turam
338 2232 466 2266 deleret
492 2235 525 2264 et
542 2232 667 2264 deinde
685 2236 879 2274 corruptum
897 2234 1031 2273 putaret
1049 2240 1090 2262 ex
1108 2231 1244 2272 quinto,
1271 2229 1361 2272 quod
1379 2239 1420 2263 ne
1437 2229 1625 2263 litterarum

192 2278 328 2322 quidem
354 2277 574 2311 similitudine
601 2276 864 2315 commendatur,
891 2275 985 2308 cuius
1011 2275 1095 2308 adeo
1114 2274 1257 2318 cupidus
1274 2274 1338 2307 suit
1355 2274 1424 2316 ille,
1449 2275 1538 2308 utin
1554 2274 1625 2308 foe-

191 2324 366 2357 dissimum
391 2322 598 2356 calculorum
623 2332 769 2355 errorem
793 2321 967 2354 incideret.
1009 2321 1050 2353 Et
1075 2330 1161 2363 quae
1186 2319 1272 2353 ratio
1299 2323 1351 2353 est
1368 2319 1495 2363 duplici
1512 2319 1623 2353 mendi

193 2380 314 2411 genere
332 2372 489 2412 corrupta
508 2372 667 2409 statuere,
694 2378 779 2411 quae
798 2366 839 2400 ad
857 2377 959 2400 unum
977 2376 1137 2399 revocare
1154 2365 1260 2398 licet‘?
1285 2365 1402 2408 ltaque
1427 2365 1539 2409 potius
1559 2364 1622 2398 tria

190 2415 356 2448 vocabula
383 2425 476 2447 anno
500 2417 580 2456 post
601 2416 811 2456 praeturam
837 2411 1040 2455 interpolata
1065 2409 1287 2444 existimanda
1314 2414 1410 2452 sunt,
1436 2410 1477 2443 ab
1502 2409 1621 2443 eodem

192 2459 333 2501 adiecta,
359 2459 416 2503 qui
442 2459 570 2502 primus
589 2461 669 2501 regi
685 2458 878 2502 ascripserit
890 2460 1115 2499 praetorem:
1140 2456 1168 2489 is
1186 2456 1274 2490 enim
1293 2466 1368 2489 cum
1386 2455 1475 2498 apud
1491 2455 1621 2488 Livium

189 2503 331 2538 xxxin.
350 2508 404 2547 45,
422 2506 441 2538 8
460 2504 544 2537 11366
567 2504 707 2547 legisset
732 2504 773 2536 de
793 2502 979 2537 Hannibale
998 2503 1212 2534 Irritaverat
1236 2504 1343 2533 etiam
1366 2503 1501 2533 recenti
1522 2500 1621 2539 facto

190 2550 385 2582 maltorum
408 2552 607 2591 potentiam
629 2552 777 2591 animos,
801 2552 1003 2592 praeturam,
1029 2547 1062 2580 in
1081 2558 1147 2590 qua
1164 2546 1247 2580 illud
1264 2550 1516 2590 perpetraverat
1533 2545 1620 2578 Han-

190 2594 300 2636 nibal,
326 2595 478 2637 proximo
505 2606 591 2628 anno
618 2595 751 2638 putavit
776 2593 1031 2637 assignandam,
1062 2592 1248 2633 consulum,
1275 2591 1397 2634 quibus
1422 2590 1618 2625 Hannibalis
