1780 2877
764 104 934 138 EXCURS
961 105 1014 139 Vl.
1528 105 1609 144 247

171 219 205 250 et
237 216 337 249 huius
371 216 538 260 spicilegii
571 217 593 250 I.
619 219 649 251 6.
699 218 797 256 Quod
828 221 941 251 autem
968 218 1037 252 Aa.
1065 220 1095 259 9,
1124 221 1141 251 ἰ’
1171 218 1331 252 Rothium
1357 226 1494 255 secutus
1520 221 1608 255 edidi

170 262 243 295 Sed
263 265 393 293 sensim
418 265 447 294 is
472 273 492 294 a
518 263 700 295 nonnullis
726 265 965 306 optimatibus,
989 264 1237 302 familiaribus
1263 267 1356 307 eius,
1380 268 1611 309 reprehende·

172 309 288 348 hatur,
314 307 370 339 ubi
396 308 429 340 in
455 307 630 342 codicibus
656 308 751 341 deest
776 308 1039 351 familiaribus,
1065 309 1099 341 id
1124 310 1158 342 in
1185 309 1391 343 editionibus
1417 313 1529 345 monui
1558 324 1610 345 se-

172 351 317 385 cundum
344 354 548 386 sententiam
574 353 700 387 dictum
727 364 814 393 esse,
840 354 935 397 quasi
955 365 1015 397 pro
1034 354 1171 398 passiva
1189 355 1353 389 orationis
1373 356 1479 389 forma
1499 358 1610 400 posita

172 400 265 430 esset
296 398 426 439 activa,
461 399 556 432 cuius
588 400 636 432 rei
662 399 784 432 similia
811 399 966 442 exempla
992 400 1025 432 in
1051 410 1114 433 usu
1140 401 1350 443 pronominis
1377 402 1528 435 ressexivi
1556 413 1612 435 ex-

173 443 330 486 ponendo
356 444 558 478 videbimus.
604 445 649 477 At
674 444 766 477 nulla
792 455 826 477 re
852 455 869 477 a
897 448 1062 478 consueto
1088 455 1181 479 more
1205 446 1380 488 recedunt,
1406 457 1610 491 quamquam

173 487 214 521 de
240 489 349 532 priore
376 490 451 523 loco
477 500 541 532 ego
568 499 704 532 quoque
731 489 913 533 aliquando
939 490 1038 523 aliter
1063 492 1186 533 statui,
1221 502 1307 534 quae
1330 492 1489 535 leguntur
1514 493 1610 527 Dion.

174 535 204 573 53,
224 537 242 567 5
268 535 436 567 Mulieres
460 535 573 567 nihilo
596 537 706 566 setius
725 535 951 568 Callicratem
976 537 1014 568 in
1039 536 1161 568 aedem
1179 537 1416 579 Proserpinae
1434 538 1614 571 deducunt

173 590 216 612 ac
240 583 364 612 iurare
389 583 523 623 cogunt
546 580 640 612 nilzil
663 582 705 612 ab
733 580 794 612 illo
814 581 972 623 periculi
995 581 1076 620 fore
1092 582 1215 624 Dioni,
1240 582 1346 617 Hann.
1370 586 1418 625 11,
1438 585 1456 617 3
1486 584 1613 616 Eume-

171 636 234 657 nes
256 626 371 658 soluta
398 626 545 668 epistola
570 626 665 658 nillil
686 628 725 658 in
750 637 791 658 ea
817 628 966 668 reperit,
996 629 1070 659 nisi
1093 639 1184 670 quae
1209 628 1258 660 ad
1281 629 1508 662 irridendum
1533 640 1612 661 eum

171 673 402 713 pertinerent.
443 671 529 703 Nam
554 672 665 714 priore
690 671 768 705 loco
789 672 1014 705 Callicratem
1039 677 1091 706 est
1116 674 1288 706 obiectum
1314 675 1491 715 enuntiati,
1517 675 1612 708 cuius

174 726 250 759 pars
284 719 336 749 est
369 717 584 749 accusativus
611 727 688 749 cum
713 716 903 755 infinitivo;
938 720 980 750 ab
1006 730 1041 750 se
1066 718 1111 751 ita
1138 719 1272 752 demum
1299 720 1536 753 consuetudini
1562 731 1614 753 re—

173 760 367 805 sponderet,
393 762 422 795 si
446 762 501 795 hic
527 762 743 795 accusativus
770 773 844 796 cum
870 761 1041 796 infinitivo
1067 767 1167 806 aptus
1193 768 1285 798 esset
1311 765 1352 798 ab
1371 765 1490 807 altero,
1517 766 1613 799 cuius

173 806 365 840 subiectum
391 810 481 840 esset
509 807 716 841 Callicrates.
759 808 955 841 Hannibalis
981 809 1057 842 loco
1084 810 1261 843 enuntiato
1286 810 1429 843 relativo
1456 822 1523 845 non
1550 811 1614 844 Eu-

172 852 280 885 menis
306 852 479 892 iudicium,
505 853 565 886 sed
590 853 701 896 qualis
726 853 871 896 epistola
898 854 1010 895 suerit,
1035 855 1101 887 hoc
1123 859 1174 888 est
1194 857 1439 899 consequentia
1458 860 1611 889 notatur:

173 898 221 930 ad
244 898 470 931 irridendum
494 910 548 940 se,
581 902 619 931 ut
644 902 764 941 postea
790 899 998 940 videbimus,
1030 901 1108 943 poni
1136 904 1288 943 poterat;
1324 905 1453 934 rectum
1479 906 1513 935 et
1537 903 1611 935 usui

173 947 440 977 consentaneum
467 947 530 983 est,
559 943 651 987 quod
675 944 810 987 legitur.

289 988 383 1022 Resl
397 989 511 1022 exivi
529 989 739 1032 pronominis
756 1000 839 1023 usus
856 990 940 1022 haec
955 990 1055 1023 habet
1069 991 1159 1034 apud
1172 990 1341 1034 Nepotem
1356 991 1531 1026 notabilia.
1563 991 1615 1025 Si-

173 1033 355 1077 gnificatur
379 1045 419 1068 eo
445 1045 513 1067 non
531 1034 642 1067 solum
660 1036 917 1078 grammaticum
934 1035 1136 1077 subiectum,
1162 1036 1222 1069 sed
1240 1037 1342 1070 etiam
1360 1037 1404 1079 id,
1430 1038 1519 1080 quod
1539 1047 1616 1070 sen-

174 1080 280 1113 tentia
304 1080 496 1113 subiectum
523 1084 591 1117 est;
618 1084 721 1124 atque
746 1081 775 1114 is
800 1091 882 1114 usus
907 1080 997 1124 apud
1020 1091 1137 1114 omnes
1156 1082 1339 1125 scriptores
1357 1083 1531 1125 legitimus
1549 1087 1612 1117 est.

175 1125 231 1158 Sic
257 1125 358 1159 Paus.
382 1128 414 1167 4,
444 1128 458 1159 1
492 1128 592 1168 eique
617 1128 656 1158 in
679 1128 916 1169 suspicionem
941 1130 1092 1159 venisset
1117 1127 1258 1170 aliquid
1284 1130 1322 1160 in
1348 1139 1388 1160 ea
1414 1129 1456 1161 de
1485 1140 1520 1161 se
1545 1139 1616 1161 esse

172 1173 358 1215 scriptum,
381 1171 456 1204 Dat.
475 1172 505 1212 8,
525 1173 543 1204 3
569 1172 640 1204 Has
666 1172 834 1204 adversus
860 1175 980 1215 copias
1003 1183 1082 1215 spes
1104 1175 1220 1205 omnis
1238 1175 1452 1206 consistebat
1467 1175 1616 1206 Datami

175 1219 212 1249 in
237 1229 273 1249 se
300 1218 438 1259 locique
462 1220 608 1258 natura,
634 1219 665 1258 9,
692 1219 710 1250 2
737 1228 815 1250 cum
841 1220 874 1249 ez'
897 1220 1103 1250 nuntiatum
1131 1222 1219 1250 esset
1242 1219 1413 1261 quosdam
1437 1221 1506 1252 sibi
1530 1221 1616 1251 insi-

175 1263 283 1296 diari.
332 1261 424 1301 Quos
449 1262 546 1296 locos
573 1262 681 1296 adhuc
704 1263 926 1306 neglexerunt
945 1264 1065 1297 artium
1089 1264 1289 1307 scriptores:
1318 1264 1500 1303 Ciceronis,
1518 1265 1615 1306 Livii,

176 1308 282 1342 Curtii
307 1308 501 1352 composuit
526 1308 769 1342 Ramshornius
795 1309 816 1350 ξ
849 1312 920 1345 157,
947 1312 965 1342 5
999 1312 1068 1343 not.
1096 1310 1115 1342 2
1146 1320 1177 1352 p.
1205 1312 1288 1349 544,
1323 1310 1447 1353 quibus
1473 1310 1616 1343 Haasius

175 1353 218 1386 ad
242 1353 383 1396 Reisigii
414 1354 549 1386 scholas
583 1358 653 1387 not.
681 1356 743 1388 387
778 1354 908 1387 addidit
938 1354 1051 1387 Plauti
1076 1353 1148 1387 Mil.
1173 1356 1238 1388 800
1273 1366 1293 1387 α
1328 1359 1389 1388 tua
1420 1357 1471 1387 mi
1502 1366 1617 1388 wcore

175 1399 293 1432 dicam
318 1399 473 1431 delatum
492 1402 525 1432 et
542 1400 676 1441 datum,
702 1403 740 1432 ut
756 1411 829 1432 sese
847 1400 894 1432 ad
911 1410 989 1432 eum
1007 1400 1247 1433 conciliarem.
1287 1400 1336 1433 Ex
1355 1401 1474 1434 eodem
1493 1411 1616 1443 genere

174 1448 255 1478 sunt
278 1445 363 1478 haec
380 1444 493 1478 Taciti
516 1444 606 1478 H.11.
622 1447 663 1479 65
691 1447 999 1488 interpretabatur
1023 1446 1198 1488 quaedam
1223 1457 1268 1478 ex
1292 1448 1516 1479 orationibus
1541 1449 1618 1479 eius

176 1491 430 1523 contumeliosa
455 1493 493 1522 in
520 1490 704 1523 Vitellium
731 1494 765 1523 et
786 1501 854 1534 pro
879 1502 915 1522 se
939 1492 1015 1534 ipso
1036 1491 1252 1534 popularia,
1281 1492 1328 1525 ita
1353 1492 1491 1536 scripta,
1518 1492 1614 1536 quasi

173 1547 234 1580 pro
261 1547 306 1569 ea:
331 1537 555 1568 orationibus
579 1538 655 1568 eius
679 1536 852 1579 posuisset
877 1547 967 1578 quae
993 1537 1134 1569 locutus
1158 1541 1254 1578 esset,
1281 1541 1315 1570 et
1340 1537 1380 1572 V.
1407 1541 1425 1571 5
1461 1540 1557 1570 inter
1580 1549 1616 1570 se

174 1582 269 1614 nilzil
291 1581 474 1622 illicitum,
509 1582 606 1624 quasi
632 1582 802 1615 adiectum
827 1584 936 1623 esset,
970 1582 1062 1625 quod
1090 1583 1196 1616 menti
1222 1583 1485 1625 obversabatur,
1519 1585 1615 1626 ipsis.

174 1627 252 1662 Vid.
277 1627 487 1670 Madvigium
512 1627 533 1669 ξ
560 1628 625 1660 490
640 1637 669 1661 3.

265 1672 394 1706 Deinde
428 1672 619 1705 subiectum
653 1672 819 1705 enuntiati
852 1672 1000 1716 primarii
1030 1673 1132 1706 etiam
1158 1673 1192 1706 in
1218 1673 1259 1706 iis
1285 1672 1470 1706 enuntiatis
1497 1682 1617 1706 secun-

175 1718 288 1759 dariis,
314 1728 401 1762 quae
426 1718 498 1751 eius
525 1718 730 1751 sententiam
754 1717 810 1750 vel
837 1718 1024 1751 orationem
1046 1729 1115 1752 non
1133 1718 1307 1752 declarant
1327 1722 1361 1752 et
1379 1718 1468 1751 aliud
1487 1717 1615 1751 habent

175 1764 379 1804 subiectum,
396 1774 651 1807 nonnumquam
670 1763 871 1807 pronomine
888 1763 1051 1796 reflexivo
1069 1763 1292 1806 significatur.
1318 1764 1370 1796 Fit
1388 1764 1453 1797 hoc
1470 1763 1616 1796 maxime

177 1813 212 1843 et
245 1809 335 1853 apud
360 1809 529 1852 Nepotem
562 1812 596 1842 et
629 1809 719 1852 apud
755 1809 839 1842 alios
873 1809 906 1841 in
933 1808 1117 1841 enuntiatis
1142 1809 1312 1851 relativis,
1343 1812 1380 1842 ut
1405 1808 1495 1852 apud
1519 1808 1616 1842 illum

177 1855 259 1889 Cim.
273 1857 305 1897 3,
324 1858 338 1888 1
366 1855 496 1887 incidit
520 1856 557 1886 in
583 1855 729 1887 eandem
755 1854 941 1896 invidiam,
966 1864 1073 1896 quam
1088 1857 1194 1896 pater
1211 1864 1306 1895 suus,
1330 1854 1400 1896 Iph.
1417 1855 1448 1895 3,
1463 1856 1483 1887 4
1496 1857 1617 1896 pater,

177 1905 350 1944 quantum
375 1903 413 1932 in
438 1911 473 1932 se
497 1899 580 1942 fuit,
610 1900 801 1933 Thraecem
825 1910 880 1932 me
899 1901 1039 1942 genuit,
1066 1899 1140 1932 Dat.
1155 1901 1186 1941 6,
1202 1901 1220 1933 8
1248 1899 1344 1942 quod
1360 1899 1409 1931 ad
1418 1901 1617 1941 perniciem

175 1957 278 1979 suam
301 1945 426 1986 fuerat
451 1948 661 1988 cogitatum,
686 1946 725 1978 id
749 1946 796 1978 ad
810 1945 963 1978 salutem
981 1947 1166 1986 convertit,
1191 1945 1254 1987 Ag.
1271 1947 1300 1982 7,
1318 1946 1338 1977 4
1361 1944 1477 1976 Domo
1496 1945 1617 1977 eadem

175 1992 251 2032 suit
273 1995 470 2034 contentus,
497 2002 567 2034 qua
584 1992 838 2034 Eurysthenes,
862 1993 1080 2034 progenitor
1103 1992 1282 2023 maiorum
1304 2001 1469 2031 suorum,
1494 1989 1617 2029 fuerat

176 2049 271 2080 usus,
295 2038 366 2072 Att.
397 2039 447 2077 16,
473 2040 493 2070 4
520 2036 603 2070 Non
629 2039 722 2069 enim
750 2037 872 2071 Cicero
898 2048 938 2070 ea
962 2036 1088 2078 solum,
1119 2047 1209 2079 quae
1233 2038 1312 2068 vivo
1338 2047 1374 2068 se
1399 2035 1617 2077 aeciderunt,
1670 2072 1679 2079 .

175 2083 304 2122 futura
325 2083 534 2126 praediaeiss·
559 2082 649 2126 apud
667 2081 941 2116 Plaut.Mil.187
966 2085 1007 2114 ul
1031 2092 1121 2124 eum,
1147 2084 1209 2124 qui
1231 2093 1267 2114 se
1293 2082 1351 2114 hie
1375 2081 1477 2123 vidit,
1504 2083 1618 2114 verbis

178 2131 315 2170 vincat,
345 2139 390 2160 ne
419 2130 484 2160 iste
516 2129 662 2170 viderit,
696 2127 772 2161 Ter.
798 2127 877 2161 Hec.
905 2127 960 2161 IV.
986 2130 1026 2169 4,
1053 2129 1095 2162 38
1129 2127 1246 2160 Mater
1279 2127 1376 2169 quod
1404 2128 1519 2159 suasit
1540 2137 1618 2169 sua,

178 2174 395 2208 Adulescens
419 2174 548 2206 mulier
571 2173 672 2216 feeit,
698 2174 765 2208 Cic.
781 2173 821 2207 de
840 2174 908 2206 inv.
925 2173 948 2207 l.
969 2174 1022 2214 33,
1037 2175 1078 2207 55
1106 2173 1204 2216 Ergo
1230 2174 1268 2204 z‘n
1294 2173 1360 2205 lzac
1385 2183 1504 2214 causa,
1529 2183 1618 2214 quae

179 2220 277 2263 apud
302 2219 454 2252 Graecos
479 2223 528 2252 est
545 2222 760 2262 pervagata,
785 2230 864 2251 cum
881 2219 1162 2262 Epaminondas,
1196 2217 1443 2251 Thebanorum
1466 2220 1619 2260 impera-

176 2269 256 2308 tor,
282 2267 330 2307 ei,
357 2267 419 2308 qui
441 2266 509 2297 sibi
533 2276 578 2297 επ
604 2264 679 2307 lege
701 2268 849 2308 praetor
872 2268 1103 2305 successerat,
1136 2265 1334 2296 eoeercz'tum
1367 2274 1440 2296 non
1467 2263 1620 2296 tradidit

179 2311 240 2354 (ita
265 2311 354 2344 enim
378 2310 434 2343 hic
457 2310 554 2343 locus
580 2309 811 2343 emendandus
835 2310 1003 2350 videtur),
1033 2321 1066 2353 p.
1091 2309 1191 2343 Rosc.
1217 2310 1291 2343 Am.
1319 2311 1351 2351 2,
1377 2311 1395 2343 6
1427 2309 1528 2341 Hune
1551 2311 1620 2342 sibi

180 2368 226 2390 ea:
258 2358 378 2389 animo
410 2356 634 2399 scrupulum,
669 2358 731 2398 qui
759 2367 794 2388 se
827 2356 900 2388 dies
931 2358 1122 2398 noctesque
1146 2354 1309 2387 stimulat
1332 2365 1374 2387 ac
1393 2356 1548 2398 pungit,
1578 2357 1620 2387 ut

179 2402 357 2443 evellatis,
380 2402 558 2445 postulat,
583 2404 624 2433 ut
654 2401 702 2434 ad
726 2402 818 2434 hanc
841 2412 942 2434 suam
961 2401 1137 2443 praedam
1162 2401 1346 2433 adiutores
1368 2411 1428 2432 vos
1450 2400 1620 2443 profitea-

179 2450 280 2490 mini,
304 2447 398 2480 Verr.
418 2446 458 2481 V.
484 2448 539 2488 49,
569 2448 631 2480 128
656 2446 760 2480 Demo
785 2458 868 2489 non,
894 2457 985 2489 quae
1007 2446 1150 2490 publice
1178 2445 1394 2490 Tyndaride,
1420 2456 1503 2487 non,
1529 2455 1620 2488 quae

178 2495 351 2537 privatim
383 2494 452 2525 sibi
475 2494 641 2535 eripuisti
650 2519 658 2533 ,
689 2493 751 2524 sed
773 2495 920 2525 unicum
945 2493 1006 2524 abs
1031 2495 1062 2524 te
1085 2491 1203 2532 filium
1231 2492 1393 2534 flagitat,
1427 2502 1459 2534 p.
1486 2490 1618 2524 Cluent.

182 2541 212 2580 8,
238 2541 280 2572 25
307 2539 404 2572 dixit
427 2540 469 2570 ab
495 2538 615 2571 eodem
639 2539 708 2570 sibi
732 2549 802 2570 esse
827 2540 1057 2581 imperatum,
1090 2540 1132 2569 ut
1154 2537 1196 2570 A.
1223 2537 1377 2570 Aurium
1401 2537 1521 2577 illum,
1557 2539 1621 2579 qui

178 2585 248 2617 sihi
280 2584 490 2617 delationem
524 2585 680 2616 nominis
712 2587 746 2616 et
779 2586 908 2627 capitis
930 2583 1132 2626 periculum
1157 2585 1375 2623 ostentarat,
1409 2585 1443 2614 et
1466 2583 1621 2615 alterum
