1780 2877
605 114 690 148 xlv,
715 113 935 148 DATAMES.
962 116 994 148 9.
1439 112 1518 151 115

81 229 297 280 callideque
320 229 509 281 cogitanti
530 242 646 282 saepe
666 229 880 277 accidebat,
902 229 1236 281 Autophradates,
1265 241 1354 267 cum
1377 229 1523 269 bellum
1555 239 1574 271 5

81 287 171 327 duci
192 286 338 325 maiore
361 286 465 338 regis
485 287 704 327 calamitate
726 300 842 339 quam
864 286 1176 326 adversariorum
1196 285 1363 332 videret,
1384 299 1522 338 pacem

79 344 369 395 amicitiamque
386 345 565 384 hortatus
581 351 652 393 est,
674 350 718 384 ut
734 357 824 384 cum
840 356 932 395 rege
950 344 991 383 in
1012 343 1178 395 gratiam
1194 342 1352 382 rediret.
1395 343 1522 389 Quam
1552 353 1571 385 6

79 402 143 441 ille
165 401 237 441 etsi
259 402 375 440 fidam
398 414 479 441 non
502 402 586 441 fore
607 401 792 453 putabat,
825 406 958 440 tamen
981 400 1259 439 condicionem
1284 400 1437 452 accepit
1458 414 1520 440 se-

79 471 155 511 que
171 459 218 498 ad
236 459 489 498 Artaxerxem
511 459 659 510 legatos
678 458 892 497 missurum
909 457 1018 497 dixit.
1059 457 1123 496 Sic
1145 457 1304 505 bellum⁷
1329 458 1436 509 quod
1451 471 1521 497 rex

78 517 264 556 adversus
275 516 463 555 Datamen
475 521 715 566 susceperat,
733 515 911 555 sedatum
924 520 994 555 est.
1016 515 1332 567 Autophradates
1342 515 1382 554 in
1394 515 1519 568 Phry-

77 574 180 625 giam
201 586 242 614 se
263 573 424 625 recepit.

192 632 241 670 At
267 643 355 678 rex,
393 629 497 681 quod
531 629 777 681 implacabile
808 629 943 669 odium
979 629 1019 668 in
1048 629 1236 668 Datamen
1274 635 1515 681 susceperat,
1541 634 1565 670 9

77 695 285 740 postquam
314 686 417 726 hello
448 698 538 726 eum
568 687 739 738 opprimi
771 700 853 726 non
892 699 1008 739 posse
1037 686 1330 733 animadvertit,
1367 686 1519 727 insidiis

76 746 298 784 interficere
326 743 498 793 studuit;
531 756 629 796 quas
656 744 721 783 ille
751 744 960 796 plerasque
991 744 1157 783 evitavit.
1202 743 1332 785 Sicut.
1364 756 1455 784 cum
1484 745 1518 784 ei
1551 752 1569 784 2

75 801 299 841 nuntiatum
322 806 425 841 esset
446 802 638 852 quosdam
659 802 733 841 sibi
754 800 951 849 insidiari,
984 802 1050 853 qui
1080 802 1120 841 in
1154 801 1373 840 amicorum
1406 808 1514 841 erant

73 871 254 898 numero.
295 858 350 897 De
374 858 517 910 quihus
539 859 644 910 quod
666 858 814 898 inimici
848 859 1091 907 detulerant,
1123 871 1252 910 neque
1274 859 1517 899 credendum

72 928 201 968 neque
224 916 515 968 neglegendum
532 916 700 968 putavit:
723 916 894 968 experiri
915 916 1049 962 voluit,
1070 928 1206 955 verum
1229 916 1423 955 falsumne
1442 916 1515 956 sihi

72 979 175 1013 esset
204 973 385 1012 relatum.
436 973 572 1025 Itaque
601 986 646 1012 eo
677 974 879 1025 profectus
901 978 981 1021 est,
1012 973 1052 1012 in
1085 986 1163 1025 quo
1193 973 1334 1012 itinere
1367 974 1519 1013 futuras
1549 983 1566 1011 3

69 1030 230 1070 insidias
252 1030 444 1070 dixerant.
486 1030 563 1070 Sed
594 1031 712 1082 elegit
740 1043 909 1082 corpore
939 1043 983 1069 ac
1014 1036 1162 1070 statura
1192 1030 1434 1070 simillimum
1455 1031 1516 1070 sui

70 1088 184 1140 eique
205 1088 389 1127 vestitum
411 1101 525 1128 suum
548 1088 653 1127 dedit
674 1094 790 1140 atque
813 1102 858 1127 eo
880 1088 967 1127 loco
990 1088 1059 1135 ire⁷
1083 1101 1161 1139 quo
1184 1088 1268 1139 ipse
1291 1094 1515 1135 consuerat.

68 1145 191 1185 iussit.
233 1145 322 1197 Ipse
343 1150 475 1184 autem
497 1152 639 1185 ornatu
660 1146 882 1197 vestituque
914 1145 1072 1184 militari
1102 1145 1205 1185 inter
1241 1144 1424 1196 corporis
1445 1158 1515 1185 cu—

67 1203 200 1242 stodes
221 1203 296 1242 iter
312 1203 442 1242 facere
459 1203 602 1255 eoepit.
644 1203 693 1242 At
709 1203 970 1250 insidiatores,
991 1209 1202 1254 postquam
1220 1203 1260 1242 in
1278 1216 1368 1242 eum
1384 1202 1515 1242 locum
1547 1210 1565 1241 4

67 1273 208 1312 agmen
240 1260 440 1312 pervenit,
472 1261 627 1312 decepti
657 1260 795 1300 ordine
825 1266 943 1312 atque
974 1260 1115 1299 vestitu
1145 1261 1338 1312 impetum
1359 1260 1400 1299 in
1423 1273 1513 1299 eum

66 1318 228 1366 faciunt,
251 1317 318 1369 qui
340 1318 570 1369 suppositus
592 1323 686 1357 erat.
716 1318 967 1357 Praedixerat.
987 1324 1118 1356 autem
1141 1318 1186 1357 iis
1208 1318 1400 1361 Datames.
1423 1330 1513 1356 cum

67 1375 212 1426 quihus
227 1375 302 1414 iter
317 1375 497 1423 faciebat,
520 1380 564 1415 ut
579 1375 706 1427 parati
724 1380 856 1415 essent
876 1376 1017 1422 facere,
1041 1376 1145 1426 quod
1165 1375 1295 1427 ipsum
1312 1374 1512 1414 vidissent.

65 1432 172 1484 Ipse.
202 1438 245 1471 ut
276 1432 554 1472 concurrentis
583 1432 834 1472 insidiatores
862 1432 1038 1472 animum
1068 1432 1255 1479 advertit,
1286 1432 1361 1471 tela
1384 1432 1424 1471 in
1447 1444 1514 1471 eos
1544 1439 1562 1470 5

66 1489 249 1529 coniecit.
290 1489 375 1529 Hoc
397 1489 500 1529 idem
523 1503 614 1529 cum
635 1490 809 1530 universi
836 1490 1043 1533 fecissent.
1075 1490 1308 1541 prinsquam
1329 1489 1512 1541 perveni-

65 1553 156 1586 rent
177 1547 224 1586 ad
245 1547 348 1594 enm,
372 1559 489 1599 quem
511 1548 671 1600 aggredi
692 1548 889 1595 volebant.
913 1547 1058 1587 confixi
1082 1547 1358 1587 conciderunt.

112 1671 498 1713 5.pacem—rediret.
516 1671 561 1704 Er
578 1671 753 1705 ermahnte
825 1671 981 1705 erw‘ahnt
1015 1671 1098 1705 kurz
1134 1671 1267 1715 Polyan
1301 1669 1405 1703 Strat.
1444 1668 1512 1703 VII.

65 1728 106 1750 zu
138 1716 280 1749 Frieden
306 1716 375 1749 und
401 1716 648 1750 Freundschaft
677 1717 754 1751 mit
825 1719 879 1760 23,
905 1720 942 1756 4;
969 1721 1046 1760 sagi
1071 1717 1169 1759 aber,
1202 1717 1280 1750 dass
1307 1715 1367 1749 das
1391 1715 1512 1748 Atten-

66 1762 172 1797 sich.
207 1762 283 1795 dem
312 1762 607 1805 Autophradates‚
649 1763 754 1796 damit
826 1767 876 1796 tat
901 1774 969 1796 von
1000 1763 1137 1806 einigen
1163 1762 1329 1797 Soldaten
1358 1761 1393 1794 in
1419 1761 1511 1794 einer

64 1808 138 1842 Dat.
158 1808 230 1842 sich
244 1808 333 1841 dann
348 1808 510 1841 wahrend
529 1808 587 1842 der
600 1808 755 1842 Wasfen-
825 1807 988 1842 Schlacht
1013 1814 1274 1842 unternommen
1300 1807 1428 1841 wurde.

64 1855 147 1888 ruhe
173 1854 234 1887 mit
259 1854 335 1887 dem
362 1853 476 1897 Konig
500 1854 682 1887 aussohne.
869 1856 937 1886 sibi
960 1855 1157 1895 (insidiari)
1183 1855 1250 1887 wie
1275 1856 1306 1890 ὃ,
1332 1856 1351 1886 3
1379 1855 1417 1885 ἰη
1441 1863 1487 1885 se.

109 1902 253 1934 hortari
276 1900 338 1933 mit
355 1899 430 1933 dem
449 1900 635 1933 Accusativ
659 1900 753 1934 eines
870 1903 901 1934 3.
927 1902 966 1932 in
992 1911 1060 1943 quo
1085 1901 1215 1932 itinere
1247 1899 1301 1932 fiir
1332 1894 1406 1931 ‘auf
1433 1898 1511 1931 dem

65 1945 286 1980 Substantivs
323 1945 384 1979 auf
412 1946 466 1979 die
491 1946 598 1988 Frage
628 1948 752 1980 wozu?
823 1946 916 1988 ane
934 1942 1059 1979 wohin'
1082 1945 1163 1988 [wie
1186 1947 1261 1978 eius
1278 1945 1511 1986 demigratio-

62 1993 96 2026 in
131 1992 207 2026 dem
233 1992 416 2035 Fragment
450 1992 543 2025 eines
569 1991 751 2035 Tragikers
821 1994 878 2024 nis
898 1991 985 2026 Mitt.
1004 1994 1032 2031 1,
1047 1993 1066 2025 2
1087 1991 1140 2024 ssu·
1158 1992 1190 2024 d.
1211 2002 1250 2024 ao
1269 1990 1511 2022 instituendae

64 2039 142 2076 (inc.
160 2039 225 2072 inc.
244 2037 312 2071 fab.
333 2040 374 2071 63
396 2037 512 2079 Ribb.)
561 2038 639 2080 Ego
667 2042 752 2072 tunc
821 2038 889 2071 und
900 2038 1122 2072 Aehnliches:
1146 2038 1228 2070 Cim.
1247 2039 1316 2077 1‚3.
1331 2036 1452 2080 Lysa,
1466 2037 1509 2076 1.]

61 2085 267 2128 pudendam
297 2084 460 2126 trepidus
491 2085 665 2116 hortabar·
693 2083 752 2123 fu-
866 2083 1020 2116 militari
1034 2079 1226 2118 hier‘eines
1240 2082 1420 2126 gemeinen
1434 2080 1512 2115 Sol-

60 2141 158 2173 gam,
172 2130 205 2164 h.
218 2130 287 2164 Cic.
301 2129 344 2162 ad
357 2129 427 2163 Att.
443 2129 510 2163 Vll.
530 2132 580 2172 ¹4,
595 2132 750 2173 Spaeem
821 2125 946 2164 daten'.

65 2178 208 2209 hortari
229 2186 303 2208 non
327 2175 462 2218 desino,
486 2175 565 2209 Tac.
583 2172 671 2209 An'n.
694 2175 749 2210 XI.
867 2175 1018 2217 [facere.
1075 2174 1240 2208 Dasselbe
1273 2172 1424 2207 Verbum
1456 2172 1510 2206 his

63 2224 82 2256 3
109 2223 337 2255 hortantibus
362 2222 573 2263 quibasdam
590 2222 750 2255 inediam
820 2223 840 2264 ξ
859 2224 878 2254 5
904 2221 993 2255 noch
1019 2221 1173 2255 viermal.
1205 2219 1239 2255 S.
1265 2230 1306 2253 zu
1333 2230 1360 2253 c,
1387 2222 1419 2261 5,
1437 2220 1483 2259 6.]

64 2271 98 2300 et
116 2269 229 2301 lenem
247 2268 386 2300 emitum
400 2280 413 2308 ‚-
436 2267 664 2310 gewohnlich‚
683 2268 749 2301 wie
866 2270 899 2302 4.
923 2270 964 2300 in
989 2278 1068 2300 eum
1094 2267 1230 2309 Iocum,
1255 2266 1306 2299 als
1332 2266 1423 2298 ware
1448 2263 1509 2298 der

64 2314 187 2348 andere
221 2313 378 2347 'ahnliche
410 2312 541 2353 Verba,
577 2313 640 2346 mit
672 2313 750 2347 dem
821 2312 890 2355 Ort,
916 2323 972 2347 wo
989 2313 1050 2346 das
1067 2312 1225 2346 Attentat
1247 2315 1508 2346 unternommen

63 2359 228 2394 Neutrum
246 2359 340 2393 eines
354 2358 574 2393 Pronomens.
606 2358 655 2400 [S.
669 2358 750 2392 Dr'a-
820 2359 959 2393 werden
984 2358 1105 2401 sollte,
1136 2359 1260 2392 vorher
1296 2357 1508 2400 angegeben.

65 2416 123 2449 ger
147 2406 185 2440 H.
213 2406 246 2439 S.
272 2404 312 2439 12.
339 2406 404 2438 373
421 2404 457 2445 f.]
820 2405 865 2438 Es
890 2405 936 2438 ist
960 2405 1042 2438 aber
1058 2415 1121 2438 nur
1145 2404 1204 2438 der
1221 2403 1319 2446 Weg,
1347 2402 1406 2435 auf
1429 2402 1506 2435 dem

111 2454 141 2487 6.
161 2452 331 2485 adversus
347 2451 525 2483 Datamen
549 2454 753 2493 susceperat
821 2450 932 2484 dieser
950 2450 1010 2484 ort
1026 2450 1093 2493 lag,
1118 2450 1243 2483 vorher
1267 2448 1432 2482 erwahnt.
1472 2447 1508 2482 S.

65 2510 97 2532 u.
116 2500 147 2538 9,
168 2501 183 2532 1
203 2500 242 2531 in
259 2497 437 2530 Datamen
460 2499 675 2539 susceperat.
717 2496 751 2530 S.
821 2507 862 2530 zu
888 2497 945 2530 Ar.
971 2498 1002 2537 3,
1031 2499 1058 2529 1.

66 2555 105 2577 zu
133 2555 160 2579 c.
187 2547 219 2585 5,
245 2546 276 2578 6.
868 2546 899 2577 5.
914 2544 1072 2575 animum
1087 2542 1247 2574 advertit
1261 2540 1314 2573 ssu·
1327 2538 1508 2573 animadv.

110 2589 147 2625 9.
172 2591 202 2624 2.
242 2589 304 2622 Die
330 2588 490 2632 folgende
514 2588 751 2631 Begebenheit
821 2588 880 2622 hat
893 2589 1009 2632 Nepos
1024 2599 1086 2621 nur
1100 2588 1183 2622 hier.
1208 2586 1339 2620 Anders
1353 2584 1414 2629 Ep.
1430 2587 1461 2626 6,
1474 2586 1506 2618 2.

1222 2644 1264 2678 8*
