1780 2877
130 981 199 1020 ΧΠ

226 129 279 168 96
755 130 820 164 Xll.
845 127 1067 163 CHABRIAS.
1095 131 1124 162 1.

228 247 343 287 nimis
379 247 563 286 remissus
600 259 815 298 parumque
851 246 1024 297 patiens,
1060 252 1103 285 ut
1132 245 1409 297 Theopompus
1440 245 1649 284 memoriae

228 304 418 355 prodidit;
435 304 562 342 bonus
578 315 669 342 vero
681 303 773 341 civis
790 303 943 353 fideque
959 315 1112 355 magna.
1145 301 1257 347 Quod
1275 314 1365 341 cum
1381 302 1420 341 in
1441 301 1522 341 aliis
1534 301 1652 341 rebus

225 361 430 399 declaravit
461 366 543 398 tum
582 360 746 398 maxime
782 360 820 398 in
851 361 1039 411 Amyntae
1071 359 1293 398 Macedonis
1321 358 1452 398 liberis
1482 358 1651 398 tuendis.

225 418 397 468 Namque
408 417 512 468 Eur3
516 416 753 464 dice,1nate1
763 416 835 455 Pe1
838 416 968 455 diccae
979 422 1016 455 et
1028 415 1208 467 Philippi,
1226 427 1314 454 cum
1324 415 1383 454 his
1392 415 1544 455 duobus
1554 427 1652 466 pue-

225 474 277 513 iis
292 476 386 526 ¹&1113
392 480 457 512 nta
479 461 632 512 mortuo
647 474 693 511 ad
709 473 939 524 lphicratem
962 473 1137 524 confugit
1158 472 1319 523 eiusque
1335 471 1474 535 opibus
1495 472 1652 510 defensa

176 537 195 568 3
226 537 295 569 est.
335 518 437 568 Vixit
467 530 512 568 ad
542 535 785 568 senectutem
814 529 974 581 placitis
1003 530 1042 568 in
1065 542 1106 569 se
1136 541 1297 568 sumum
1328 528 1468 567 ci3ium
1499 527 1652 567 animis.

229 587 389 626 Causam
413 585 549 637 capitis
570 586 690 624 sem‹l
711 586 806 625 dixit
826 586 927 625 bello
957 587 1089 625 sociali
1110 586 1224 625 simul
1247 598 1336 624 cum
1357 584 1563 624 Timotheo
1585 597 1653 623 eo-

179 651 198 682 4
229 656 304 694 que
336 643 478 681 iudicio
510 647 567 680 est
597 642 810 681 absolutus.
852 642 1075 682 Menesthea
1098 643 1219 681 filium
1243 641 1400 692 reliquit
1421 653 1467 679 ex
1488 640 1654 680 Thressa

228 706 374 746 natum,
399 699 482 738 Coti
503 699 606 749 regis
631 699 719 737 filia.
761 699 796 737 Is
817 711 905 737 cum
928 699 1249 750 interrogaretur,
1272 704 1404 737 utrum
1427 697 1562 749 pluris,
1584 709 1654 749 pa-

227 763 326 795 trem
348 761 575 800 matremne,
598 756 753 802 faceret,
772 750 962 794 ‘Matrem'
983 755 1121 806 inquit.
1148 756 1188 794 Id
1205 768 1293 793 cum
1313 755 1495 794 omnihus
1511 753 1654 793 mirum

226 813 432 858 videretur,
450 808 527 850 ‘At'
552 811 615 850 ille
632 808 801 850 ‘merito'
827 811 955 862 inquit
970 808 1099 850 ‘sacio.
1141 812 1236 850 Nam
1257 818 1379 862 pater,
1403 816 1593 862 quantum
1613 811 1653 849 in

225 882 266 908 se
290 869 373 915 fuit,
396 869 587 907 Threcem
609 880 670 906 me
693 867 840 919 genuit,
862 873 998 906 contra
1021 881 1064 907 ea
1086 873 1209 906 mater
1230 863 1534 906 Atheniensem?

357 982 544 1020 Cumanis
573 981 834 1019 Atheniensis.

876 981 947 1020 Hic
976 993 1133 1032 quoque
1163 980 1202 1019 in
1233 980 1394 1019 summis
1423 979 1579 1018 habitus
1599 985 1658 1018 est

226 1038 390 1077 ducibus
422 1050 560 1088 resque
582 1037 724 1077 multas
747 1038 933 1076 memoria
955 1038 1091 1089 dignas
1113 1037 1243 1089 gessit.
1286 1037 1360 1076 Sed
1383 1049 1428 1075 ex
1448 1035 1508 1075 his
1529 1036 1657 1075 elucet

225 1095 390 1133 maxime
416 1095 617 1133 inventum
641 1094 724 1133 eius
745 1094 784 1133 in
807 1095 978 1145 proelio,
1002 1095 1106 1145 quod
1129 1094 1229 1145 apud
1253 1093 1405 1132 Thebas
1426 1092 1534 1141 fecit,
1567 1104 1656 1131 cum

227 1217 341 1260 Nepos
378 1217 658 1250 wahrscheinlich
697 1216 906 1249 irrthiimlich

228 1263 302 1295 dem
328 1262 511 1305 Iphicrates
533 1262 809 1304 zugeschrieben,
835 1272 906 1294 was

226 1307 426 1350 Theopomp
463 1318 542 1341 vom
580 1307 738 1340 Chabrias
779 1307 907 1340 erzahlt

228 1353 329 1386 hatte.
379 1352 412 1387 S.
438 1352 527 1386 Plut.
554 1352 655 1386 Phoc.
683 1355 713 1387 6.

272 1400 309 1430 in
341 1399 520 1441 Amyntae
552 1398 755 1430 Macedonis
788 1398 907 1430 liberis

223 1444 378 1475 tuendi&
428 1443 478 1478 Ol.
509 1445 580 1483 103,
609 1445 772 1476 1=368.
820 1443 906 1486 Iphi-

222 1494 331 1521 crates
355 1499 426 1521 war
451 1488 563 1521 sriiher
583 1499 649 1521 von
667 1489 833 1531 Amyntas
858 1499 898 1521 zu

220 1534 348 1566 seinem
367 1533 459 1566 Sohn
477 1533 603 1566 erklart
627 1533 695 1566 und
714 1533 825 1566 suhrte
843 1533 899 1566 da—

220 1579 303 1611 mals
325 1578 425 1619 Krieg
450 1588 556 1621 gegen
575 1579 798 1621 Amphipolis.
836 1580 898 1611 Ae-

224 1625 329 1657 schin.
355 1624 390 1657 ll.
417 1623 438 1666 ξ
460 1627 512 1657 26.

262 1669 429 1712 Philippi.
465 1668 499 1703 S.
526 1669 566 1702 de
593 1679 660 1712 reg.
686 1671 716 1709 2,
746 1671 773 1702 1.

264 1716 294 1748 3.
321 1714 396 1757 Vgl.
422 1713 568 1748 Timoth.
594 1717 624 1747 3.

262 1762 293 1792 4.
302 1759 361 1792 Die
371 1760 545 1792 Anecdote
560 1760 689 1792 erz'ahlt
699 1770 760 1792 nur
771 1759 896 1802 Nepos

265 1806 351 1838 Coti.
397 1804 442 1837 So
476 1804 622 1838 Timoth.
652 1808 687 1844 1,
719 1807 738 1837 2
775 1804 897 1838 Cotum

217 1850 286 1882 und
318 1851 350 1884 b.
377 1850 444 1882 Cic.
475 1851 508 1882 in
542 1849 609 1882 Pis.
635 1852 695 1888 34,
721 1852 764 1883 84
800 1850 897 1883 Coto.

219 1895 283 1927 Der
318 1895 520 1937 eigentliche
558 1895 663 1928 Name
700 1895 744 1928 ist
783 1895 897 1937 Cotys,

218 1941 298 1974 Gen.
311 1941 441 1983 Cotyis.
466 1940 894 1983 JeneunrichtigeFlexion

214 1986 348 2019 scheint
387 1986 488 2028 Folge
525 1986 583 2018 der
619 1986 726 2019 alteru
765 1986 896 2019 lateini-

217 2032 319 2063 schen
335 2031 548 2074 Aussprache
569 2031 674 2064 Cotus
693 2031 758 2069 (sur
778 2031 895 2074 Cotys)

218 2087 258 2109 zu
284 2086 367 2110 sem.

260 2125 382 2153 utrum
405 2117 502 2154 ‘wen
527 2132 594 2155 von
620 2118 769 2161 beiden',
803 2121 896 2154 nicht

215 2161 295 2199 ‘ob'.
332 2166 424 2199 Denn
443 2178 486 2198 ne
503 2167 587 2200 wird
605 2167 809 2209 [abgesehen
827 2177 893 2199 von

218 2211 276 2243 der
293 2212 639 2254 Zusammensetzung
656 2214 775 2252 necne]
802 2212 893 2244 nicht

217 2258 260 2289 im
295 2257 438 2290 zweiten
465 2257 581 2289 Gliede
613 2260 761 2299 gesetzt,
795 2267 892 2289 wenn

216 2303 260 2334 im
285 2306 396 2335 ersten
422 2302 475 2334 die
496 2302 749 2345 Fragepartikel
773 2306 894 2334 ult-nm

214 2348 316 2381 steht.

259 2394 308 2424 At
339 2412 384 2417 —
408 2395 534 2435 inquit.
590 2392 745 2425 Dieselbe
782 2392 894 2425 Wort-

217 2438 363 2479 stellung
396 2438 455 2480 Ep.
483 2442 512 2478 5,
538 2441 568 2472 5.
612 2438 678 2471 Cic.
704 2437 744 2471 de
770 2447 817 2471 or.
841 2437 891 2471 111.

214 2484 277 2520 60,
313 2485 377 2515 226
414 2484 532 2525 Mitte,
571 2485 728 2524 obsemv,
767 2485 893 2525 inquit,

217 2526 357 2567 Crasse,
390 2529 519 2569 Iulius,
549 2539 744 2561 sermonem
776 2530 893 2561 istum.

215 2570 307 2605 Brut.
334 2575 387 2609 23,
414 2577 453 2606 91
490 2575 577 2615 qm'd
607 2576 731 2615 igitur,
766 2576 892 2615 inquit,

976 1220 1027 1248 est
1045 1228 1182 1258 causae,
1206 1217 1352 1258 Brutus,
1375 1218 1407 1248 si
1424 1218 1524 1248 tanta
1542 1217 1656 1247 virtus

976 1273 1007 1296 u.
1020 1272 1044 1295 s.
1058 1273 1099 1296 w.
1135 1265 1188 1304 55,
1208 1264 1272 1295 204
1293 1262 1319 1294 0
1335 1271 1514 1303 magnam,
1527 1263 1657 1303 inquit,

976 1311 1100 1349 artem,
1113 1309 1259 1348 Brutus,
1272 1307 1445 1349 siquidem
1453 1308 1530 1338 istis
1538 1317 1570 1339 u.
1585 1316 1656 1339 s.w.

977 1353 1049 1386 Gas.
1075 1353 1116 1386 de
1141 1353 1173 1386 b.
1207 1352 1285 1395 gall.
1314 1352 1351 1386 V.
1374 1354 1435 1393 30,
1465 1354 1476 1384 1
1506 1351 1658 1393 Vincite,

977 1400 1107 1440 inquit,
1131 1400 1162 1429 si
1181 1400 1231 1430 ita
1249 1397 1366 1438 vullis,
1392 1397 1555 1430 Sabinus.
1588 1395 1656 1429 Vll.

977 1445 1030 1484 20,
1062 1447 1097 1476 12
1125 1444 1236 1484 Haec,
1262 1444 1399 1484 inquit,
1423 1452 1444 1473 a
1467 1452 1539 1483 me,
1571 1441 1658 1474 Ver-

969 1491 1182 1531 cingetorix,
1200 1489 1369 1528 beneficia
1387 1489 1529 1519 habetis.
1566 1485 1645 1520 Seu.

968 1545 1019 1578 ep.
1054 1536 1114 1573 92,
1147 1536 1190 1568 24
1220 1534 1486 1573 Beatissimum,
1518 1533 1646 1573 inquit,

967 1581 1061 1612 hunc
1086 1583 1118 1612 et
1140 1580 1306 1611 ultimum
1331 1579 1423 1610 diem
1447 1587 1537 1620 ago,
1560 1577 1646 1619 Epi-

969 1636 1075 1657 eurus
1093 1625 1174 1666 [und
1190 1624 1377 1664 vielleicht]
1396 1623 1437 1656 de
1450 1623 1498 1656 ira
1513 1622 1537 1655 Ι.
1558 1624 1609 1663 14,
1631 1625 1641 1655 1

967 1670 1048 1702 Non
1071 1673 1204 1712 potest,
1237 1671 1373 1711 inquit,
1405 1669 1503 1709 fieri,
1539 1667 1646 1700 Theo-

963 1717 1151 1758 phrastus,
1186 1718 1228 1747 ut
1255 1725 1326 1747 non
1358 1716 1415 1746 vir
1439 1715 1550 1746 bonus
1572 1715 1645 1745 ira-

966 1765 1090 1793 scatm·
1112 1761 1227 1793 malis.

1013 1809 1199 1849 [qnantum
1215 1807 1253 1838 in
1269 1816 1305 1837 se
1327 1805 1400 1844 suit
1417 1804 1502 1838 auch
1519 1803 1589 1837 Liv.
1606 1803 1643 1838 11.

966 1854 1020 1890 43,
1047 1855 1076 1886 6.
1119 1851 1153 1886 S.
1178 1862 1218 1884 zu
1243 1851 1313 1885 Att.
1342 1853 1392 1891 16,
1416 1852 1462 1890 4.]

1219 1930 1392 1963 CHABRIAS.

1009 1988 1043 2021 1.
1072 1989 1100 2021 1.
1126 1987 1196 2019 Sed
1212 1997 1257 2018 eoe
1276 1987 1329 2018 liis
1354 1987 1467 2018 elucet
1489 1989 1643 2019 maxime

964 2044 995 2065 u.
1011 2043 1035 2064 s.
1052 2042 1095 2065 W.
1133 2031 1183 2065 01.
1212 2034 1285 2072 100,
1311 2034 1453 2066 3=37s.
1502 2031 1561 2065 Die
1585 2031 1644 2064 be-

965 2077 1150 2110 riihmteste
1175 2076 1263 2109 That
1296 2076 1356 2110 des
1381 2077 1541 2110 Chabrias
1573 2087 1643 2110 war

965 2122 1017 2155 die
1036 2122 1257 2155 Seeschlacht
1281 2122 1336 2155 bei
1353 2122 1467 2155 Naxos
1484 2121 1549 2162 (Ol.
1567 2124 1641 2164 101,

970 2169 1145 2206 1=376),
1170 2167 1300 2200 welche
1326 2167 1440 2211 Nepos
1465 2177 1525 2210 gar
1548 2168 1642 2201 nicht

963 2212 1118 2245 erw‘ahnt
1143 2212 1211 2246 hat.

1009 2260 1039 2291 2.
1077 2258 1267 2300 Xenophon
1292 2257 1389 2297 (Hell.
1415 2258 1455 2293 V.
1481 2261 1512 2300 4,
1537 2261 1579 2293 35
1594 2259 1642 2301 ff.)

965 2303 1119 2335 erwahnt
1159 2303 1251 2336 diese
1291 2303 1399 2336 Sache
1439 2313 1498 2346 gar
1536 2304 1640 2338 nicht.

964 2348 1057 2381 Nach
1094 2347 1188 2381 Diod.
1221 2347 1292 2382 XV.
1326 2350 1368 2382 32
1404 2349 1471 2382 und
1508 2348 1642 2392 Polyan

964 2393 1110 2435 Strateg.
1128 2393 1163 2427 lI.
1186 2396 1214 2434 1,
1232 2396 1251 2426 2
1278 2403 1390 2426 waren
1415 2393 1469 2426 die
1494 2394 1639 2427 leichten

963 2438 1122 2482 Truppen
1155 2438 1214 2471 des
1244 2438 1422 2481 Agesilaus
1456 2439 1642 2482 zuriickge-

964 2484 1092 2516 trieben
1122 2484 1191 2516 und
1225 2494 1260 2516 er
1295 2483 1406 2516 suhrte
1431 2483 1552 2517 darauf
1580 2485 1640 2518 das

962 2528 1639 2617 {235330550‘5{Flsslzsstlffiissssgff
