1780 2877
664 135 767 169 XXV.
792 135 989 169 ATTICUS.
1018 138 1069 169 22.

1507 136 1585 175 231

148 254 385 291 consecutus
407 250 480 298 est)
510 255 698 302 tantaque
727 251 990 302 prosperitate
1012 264 1105 290 usus
1125 258 1235 304 ‘esset
1266 253 1514 300 valetudinis,
1545 259 1589 293 ut

147 307 262 348 annis
283 319 358 345 xxx
380 307 574 346 medicina
597 320 678 346 non
699 307 953 358 indiguisset,
987 313 1126 347 nactus
1148 314 1206 348 est
1235 309 1438 357 morbum,
1471 323 1588 361 quem
1610 318 1628 350 2

146 364 259 404 initio
282 364 425 415 etipse
447 369 485 403 et
514 364 655 403 medici
680 370 1020 415 contempserunt.
1063 365 1161 403 Nam
1192 371 1384 416 putarunt
1415 378 1499 405 esse
1529 373 1587 405 te-

146 434 312 461 nesmon
326 452 335 468 ,
367 421 431 460 cui
453 421 624 460 remedia
646 420 787 460 celeria
809 420 1014 472 faciliaque
1046 422 1391 473 proponebantur.

1445 422 1489 461 In
1512 423 1587 462 hoc
1609 431 1626 462 3

145 491 237 518 cum
259 484 339 517 tres
360 491 516 518 menses
538 477 623 517 sine
638 477 728 517 ullis
744 477 959 525 doloribus,
982 484 1258 530 praeterquam
1283 492 1382 531 quos
1404 492 1451 518 ex
1473 492 1586 518 cura-

145 536 255 575 tione
276 535 473 587 capiebat,
505 534 837 586 consumpsisset,
870 534 1000 574 subito
1031 540 1140 574 tanta
1169 536 1225 576 vis
1246 536 1374 575 morbi
1401 536 1441 575 in
1464 536 1587 575 imum

145 593 379 632 intestinum
410 591 616 643 prorupit,
653 597 697 630 ut
727 597 902 631 extremo
934 597 1115 644 tempore
1145 606 1217 644 per
1246 594 1402 633 lumbos
1435 594 1586 633 fistulae

144 650 254 701 puris
275 648 490 700 eruperint.
527 649 656 699 Atque
677 649 754 688 hoc
776 649 1007 701 priusquam
1029 650 1065 688 ei
1085 650 1292 698 accideret,
1315 656 1526 703 postquam
1547 651 1587 689 in
1609 657 1628 689 4

144 707 226 746 dies
246 706 402 745 dolores
423 717 649 745 accrescere
671 705 881 758 febresque
897 707 1109 746 accessisse
1125 708 1259 756 sensit,
1282 708 1498 760 Agrippam
1519 720 1586 760 ge-

143 775 284 803 nerum
305 762 351 801 ad
374 775 415 802 se
437 763 583 801 accersi
605 762 718 802 iussit
739 769 776 802 et
800 776 891 803 cum
913 776 958 802 eo
982 763 1025 802 L.
1049 764 1279 804 Cornelium
1301 765 1468 804 Balbum
1490 765 1587 804 Sex-

142 827 306 871 tumque
337 819 597 859 Peducaeum.
640 820 720 859 Hos
750 826 794 859 ut
821 821 975 860 venisse
1000 821 1109 870 vidit,
1142 821 1181 860 in
1216 822 1396 862 cubitum
1428 822 1589 861 innixus
1619 828 1637 859 5

136 872 364 923 ‘Quantam'
384 877 514 928 inquit
531 872 684 916 ‘curam
702 877 1025 929 diligentiamque
1040 878 1080 917 in
1098 879 1323 918 valetudine
1340 892 1426 919 mea
1442 879 1588 918 tuenda

140 934 216 973 hoc
237 940 416 985 tempore
438 934 704 982 adhibuerim,
737 947 828 973 cum
849 947 917 974 vos
947 941 1066 975 testes
1087 936 1250 975 habeam
1264 968 1272 983 ,
1306 936 1404 975 nihil
1426 948 1588 976 necesse

141 997 200 1031 est
229 990 410 1043 pluribus
437 990 568 1030 verbis
599 1003 923 1031 commemorare.
966 992 1120 1038 Quibus
1143 993 1352 1044 quoniam,
1383 999 1425 1032 ut
1458 1006 1586 1045 spero,

141 1048 329 1095 satisfeci,
362 1060 426 1086 me
448 1047 546 1086 nihil
567 1047 710 1099 reliqui
731 1048 890 1097 fecisse,
925 1050 1029 1100 quod
1053 1049 1099 1087 ad
1131 1051 1351 1089 sanandum
1372 1063 1435 1089 me
1466 1050 1588 1102 perti-

140 1111 272 1152 neret,
303 1104 500 1156 reliquum
524 1110 601 1153 est,
624 1110 668 1144 ut
689 1112 846 1157 egomet
867 1105 963 1145 mihi
985 1106 1202 1145 consulam.
1245 1106 1288 1145 Id
1315 1119 1383 1146 vos
1404 1107 1588 1158 ignorare

140 1162 262 1202 nolui.
295 1162 393 1200 Nam
415 1162 511 1200 mihi
528 1167 604 1201 stat
620 1162 723 1201 alere
741 1162 925 1202 morbum
944 1163 1137 1202 desinere.
1168 1163 1347 1215 Namque
1369 1164 1428 1203 his
1452 1164 1590 1204 diebus
1620 1170 1639 1202 6

140 1219 331 1270 quidquid
352 1218 429 1257 cibi
450 1219 614 1270 sumpsi,
644 1219 696 1258 ita
718 1220 887 1271 produxi
908 1220 1038 1268 vitam,
1060 1225 1105 1259 ut
1126 1220 1301 1260 auxerim
1323 1220 1478 1260 dolores
1499 1221 1585 1260 sine

138 1289 207 1328 spe
237 1275 385 1315 salutis.
428 1275 559 1322 Quare
581 1288 603 1315 a
623 1276 734 1316 vobis
755 1283 848 1328 peto
878 1277 1072 1329 primum,
1103 1283 1147 1317 ut
1168 1277 1378 1317 consilium
1410 1278 1587 1329 probetis

136 1345 289 1380 meum,
323 1333 464 1371 deinde
496 1345 546 1371 ne
568 1333 713 1372 frustra
733 1334 978 1374 dehortando
1011 1334 1202 1386 impedire
1223 1331 1449 1373 conemini.³
1502 1335 1585 1374 Hac
1607 1335 1656 1371 22

138 1389 317 1429 oratione
346 1389 478 1428 habita
507 1395 616 1429 tanta
645 1391 869 1430 constantia
898 1392 1004 1431 vocis
1033 1397 1151 1443 atque
1181 1391 1331 1432 vultus.
1363 1397 1405 1431 ut
1435 1404 1516 1431 non
1539 1404 1586 1431 ex

183 1505 272 1534 1ιί*
281 1502 504 1544 Indignis-set.
517 1501 660 1536 Hiermit
671 1502 717 1536 ist
728 1502 823 1536 nicht

137 1552 269 1590 gesagt‚
302 1546 380 1580 dass
405 1547 540 1581 Atticus
566 1550 609 1582 30
634 1547 736 1581 Jahre
762 1558 824 1581 vor

137 1593 196 1626 der
226 1592 355 1626 letzten
379 1592 567 1626 Krankheit
596 1593 690 1627 nicht
714 1593 825 1627 krank

135 1649 217 1672 war.
266 1637 455 1671 Krankheit
487 1638 569 1672 oder
598 1638 824 1673 Unwohlsein

136 1683 319 1718 desselben
333 1684 488 1717 erwahnt
501 1684 569 1717 Cic.
583 1684 626 1717 ad
639 1685 710 1717 Att.
723 1684 777 1718 VI.
793 1687 824 1727 9,

142 1732 169 1765 1.
196 1728 824 1772 V11.1‚1.2,1.5‚1u.5.V111.6‚3.

137 1775 192 1810 IX.
208 1777 238 1809 2.
255 1778 286 1815 4,
301 1777 332 1809 3.
348 1777 378 1816 8,
394 1777 424 1808 2.
458 1775 498 1809 Χ.
519 1777 549 1817 9,
566 1777 595 1809 3.
612 1777 710 1818 10‚3.
731 1778 780 1817 15,
794 1778 825 1810 4.

142 1823 193 1863 16,
208 1823 239 1856 6.
260 1822 310 1863 17,
325 1822 354 1854 2.
370 1820 437 1854 xll.
458 1824 487 1855 4.
500 1824 555 1855 45.
569 1820 656 1856 XIV.
673 1823 824 1863 5‚1.6‚1.

137 1866 229 1900 Aber
261 1876 297 1899 er
328 1866 486 1900 bedurfte
518 1866 636 1900 keiner
670 1866 826 1908 Arzenei,

138 1912 220 1945 weil
253 1922 288 1945 er
321 1912 393 1945 sich
431 1912 536 1946 durch
567 1911 727 1946 Vorsicht
757 1912 827 1945 und

136 1957 215 1991 Di'at
238 1957 354 1991 heilte.

183 2005 214 2037 2.
241 2006 369 2036 nactus
393 2006 446 2035 est
470 2005 643 2037 morbum.
684 2002 827 2038 Sueton-

138 2048 206 2083 Tit.
229 2051 267 2082 10
290 2047 421 2088 febrim
445 2052 582 2081 nactus.

185 2096 217 2129 3.
242 2096 280 2126 in
295 2096 406 2126 imum
422 2096 631 2127 intestinum
648 2104 742 2127 muss
760 2093 826 2126 Ne-

138 2150 202 2184 pos
228 2139 450 2181 geschrieben
467 2140 578 2173 haben
596 2143 679 2173 statt
697 2139 756 2173 des
774 2139 824 2172 hs.

139 2188 178 2218 in
201 2195 317 2217 unum
337 2187 403 2218 int.
451 2184 546 2218 Denn
577 2185 670 2218 seine
697 2184 828 2218 Krank-

138 2231 211 2264 heit
227 2230 322 2263 hatte
340 2230 532 2274 iiberhaupt
548 2241 611 2264 nur
628 2231 663 2263 in
682 2230 747 2264 den
764 2230 825 2264 Ge-

138 2276 278 2310 darmen
303 2275 372 2309 und
397 2275 557 2319 nirgends
585 2276 726 2318 anders,
759 2287 828 2310 von

139 2333 196 2355 wo
222 2322 272 2355 sie
294 2321 368 2355 sich
386 2321 445 2355 auf
460 2321 553 2355 diese
570 2321 665 2355 hatte
684 2331 829 2361 concen—

140 2368 264 2402 trieren
288 2366 446 2409 konnen,
480 2367 576 2400 ihren
601 2366 684 2401 Sitz.
731 2366 828 2400 Naeh

141 2413 234 2447 einer
253 2413 480 2456 allgemeinen
494 2412 665 2446 Affection
683 2412 742 2446 des
761 2412 828 2446 Un-

140 2458 281 2492 terleibs
306 2458 435 2492 konnte
461 2459 510 2492 sie
532 2459 605 2492 sich
621 2458 718 2492 recht
734 2458 828 2492 wohl

141 2504 204 2538 mit
227 2504 337 2538 volIer
353 2504 467 2538 Macht
486 2503 545 2538 auf
560 2504 624 2537 den
642 2502 828 2538 Mastdarm

140 2550 280 2584 werfen.

188 2599 348 2628 est-tremo
363 2600 528 2639 tempore.
544 2595 580 2632 S.
593 2605 634 2629 zu
648 2595 721 2629 Dat.
735 2596 786 2637 10,
802 2597 829 2629 1.

941 1505 972 1537 4.
1005 1504 1086 1545 hoc,
1120 1503 1268 1536 niirnlich
1298 1506 1338 1536 ut
1356 1514 1424 1546 per
1451 1503 1586 1536 lumbos

893 1549 1037 1588 fistulae
1059 1551 1163 1591 puris
1189 1553 1423 1592 erumperent.

942 1596 1086 1628 accersi.
1125 1593 1159 1627 S.
1177 1605 1219 1628 zu
1237 1594 1323 1628 Dion
1341 1596 1372 1636 2,
1391 1597 1420 1628 2.

940 1639 979 1674 L.
1008 1640 1194 1674 Cornelius
1218 1641 1351 1673 Balbus
1383 1640 1441 1674 der
1467 1640 1584 1683 altere,

896 1685 998 1720 Cons.
1018 1688 1085 1720 714
1103 1696 1131 1720 a.
1150 1697 1193 1728 u.,
1214 1689 1256 1720 40
1274 1697 1307 1721 v,
1323 1686 1409 1727 Chr„
1429 1697 1500 1720 war
1517 1686 1587 1719 ein-

896 1730 1113 1765 flussreicher
1139 1731 1334 1765 Vertrauter
1367 1732 1485 1765 Ciisars
1517 1731 1587 1764 und

898 1775 1097 1816 Octavians;
1117 1777 1200 1811 Seoe.
1214 1778 1418 1810 Peducaeus
1434 1780 1587 1811 vertrau-

897 1825 948 1854 ter
980 1821 1114 1855 Freund
1147 1822 1205 1855 des
1235 1823 1370 1856 Atticus
1405 1833 1465 1856 aus
1503 1822 1587 1856 alter

897 1866 981 1900 Zeit.

943 1915 973 1946 5.
1001 1923 1053 1945 1116
1078 1912 1172 1945 nihil
1193 1911 1325 1954 reliqua·
1340 1912 1465 1952 fecisse
1483 1914 1524 1953 (s.
1543 1922 1585 1945 zu

896 1958 969 1991 Alc.
991 1959 1093 2000 11,3),
1107 1955 1269 1990 ‘namlich
1283 1957 1361 1991 dass
1374 1955 1438 1991 ich‘
1451 1968 1519 1992 u.S.
1529 1968 1585 2000 W.,

896 2003 1018 2037 kurzer
1042 2003 1222 2036 Ausdruck
1255 2007 1338 2036 statt
1365 2007 1406 2036 ut
1432 2003 1585 2036 credatis

898 2060 951 2081 me
976 2061 1007 2083 u.
1024 2060 1049 2082 s.
1068 2059 1110 2082 w.
1138 2049 1204 2082 Cic.
1214 2048 1307 2082 Verr.
1323 2048 1358 2082 ΙΙ.
1375 2051 1406 2090 7,
1421 2051 1464 2082 20
1492 2050 1587 2081 vobis

894 2096 1019 2138 priore
1041 2096 1182 2127 actione
1200 2093 1426 2134 satisfactum
1450 2097 1510 2136 est,
1529 2094 1586 2128 HS

897 2141 1010 2173 decies
1045 2143 1274 2173 numeratum
1313 2152 1393 2173 esse.
1448 2139 1585 2173 Ebenso

897 2186 983 2219 wird
1011 2189 1132 2229 gesagt
1157 2186 1319 2219 adducor·
1345 2187 1411 2219 hoc
1434 2188 1484 2218 ita
1503 2197 1584 2218 esse.

944 2234 974 2266 6.
999 2235 1069 2265 stat
1094 2232 1159 2265 wie
1185 2232 1252 2267 Cic.
1280 2231 1322 2265 ad
1344 2231 1423 2265 fam.
1442 2230 1496 2266 IX.
1516 2233 1546 2273 2,
1565 2233 1584 2264 5

899 2278 1002 2310 modo
1026 2279 1127 2310 nobis
1149 2281 1219 2310 stet
1242 2278 1342 2320 illud,
1373 2288 1444 2310 una
1472 2279 1587 2310 vivere

897 2326 936 2356 in
959 2324 1090 2356 studiis
1115 2326 1256 2365 nostris,
1282 2323 1352 2356 und
1377 2322 1419 2356 ad
1444 2322 1514 2357 Att.
1534 2322 1584 2356 111.

900 2371 951 2411 14,
978 2370 997 2402 2
1029 2380 1093 2401 nos
1122 2371 1160 2401 z'n
1184 2370 1309 2402 Asiam
1334 2372 1586 2411 convertemus,

897 2425 1010 2456 neque
1042 2415 1160 2447 adhuc
1183 2416 1318 2455 stabat,
1351 2425 1418 2457 quo
1444 2416 1587 2457 potissi-

898 2471 1004 2492 mum.
1042 2459 1076 2494 S.
1094 2459 1221 2502 Drager
1238 2459 1273 2493 ll.
1295 2461 1370 2494 305.

945 2505 1123 2548 quidquid
1147 2506 1212 2538 wie
1238 2516 1265 2539 c.
1288 2507 1338 2547 15,
1363 2508 1390 2543 1.

945 2551 1091 2593 deinde,
1122 2551 1223 2585 naml.
1251 2547 1371 2584 ‘wenn
1404 2550 1456 2584 ihr
1483 2552 1584 2594 jenes

899 2596 1034 2630 Erstere
1060 2596 1154 2630 nicht
1177 2592 1316 2632 konnt'.
