1780 2877
643 130 694 163 ix.
723 129 879 164 CONoN.
918 132 947 164 3.
1461 125 1513 165 79

82 246 248 286 eontulit
269 258 310 285 se
332 246 376 284 ad
401 246 710 293 Pharnabazum,
732 252 925 296 satrapem
950 244 1079 283 Ioniae
1102 249 1136 281 et
1161 243 1303 294 Lydiae
1325 245 1513 283 eundem-

82 315 157 354 que
178 314 369 354 generum
394 303 496 354 regis
518 309 555 341 et
577 303 868 354 propinquum;
891 302 992 352 apud
1016 312 1130 351 quem
1149 305 1189 337 ut
1209 300 1372 338 multum
1391 301 1509 351 gratia

80 360 235 406 valeret,
258 360 382 398 multo
405 359 536 398 labore
559 359 770 409 multisque
789 359 917 396 ess'ecit
933 356 1130 408 periculis.
1170 356 1264 394 Nam
1284 369 1372 395 cum
1392 357 1513 395 Lace-

79 417 275 455 daemouii
297 416 602 455 Atheniensibus
622 415 782 454 devictis
800 414 837 452 in
855 415 1039 453 societate
1057 426 1137 452 non
1157 420 1372 459 manerent,
1395 425 1509 463 quam

79 486 169 512 cum
207 475 418 512 Artaxerxe
456 474 649 519 fecerant,
681 471 980 523 Agesilaumque
1017 470 1202 508 bellatum
1240 470 1436 509 misissent
1474 470 1509 507 in

80 530 230 577 Asiam,
262 529 426 568 maxime
457 528 611 580 impulsi
645 542 665 566 a
688 528 970 579 Tissapherne,
1004 527 1069 578 qui
1096 540 1141 566 ex
1172 527 1319 566 intimis
1342 526 1444 578 regis
1465 525 1510 563 ab

79 587 246 626 amicitia
269 587 352 625 eius
373 586 567 625 defecerat
589 590 626 623 ct
647 598 735 623 cum
758 584 1080 623 Lacedaemoniis
1101 584 1247 623 coierat
1272 583 1510 625 societatem.

79 644 183 682 hunc
200 643 383 682 adversus
400 642 673 681 Pharnabazus
688 642 844 681 babitus
861 647 916 679 est
936 641 1159 692 imperator,
1183 653 1224 680 re
1245 640 1401 691 quidem
1425 651 1510 678 vera

79 700 264 739 exercitui
282 699 451 750 praefuit
468 699 619 743 Conon,
642 699 805 750 eiusque
828 698 960 737 omnia
983 698 1144 737 arbitrio
1166 704 1273 747 gesta
1295 703 1400 736 sunt.
1441 696 1513 734 Hic
1543 704 1560 731 5³,

78 756 243 794 multum
265 756 405 795 ducem
427 769 623 795 sunmuim
642 757 863 807 Agesilaum
886 755 1083 806 impedivit
1101 767 1295 806 saepeque
1317 755 1399 793 eius
1415 766 1511 792 eon-

76 813 170 852 siliis
196 812 366 860 obstitit;
400 826 529 863 neque
563 825 653 851 vero
678 826 756 852 non
782 813 853 851 fuit
882 818 1080 863 apertum,
1113 813 1142 851 si
1166 812 1228 850 ille
1251 824 1331 850 non
1363 811 1510 856 fuisset,

77 869 297 921 Agesilaum
316 870 444 909 Asiam
463 870 592 909 Tauro
611 876 727 909 tenus
749 870 830 921 regi
846 870 966 908 fuisse
984 874 1225 920 erepturum.
1263 867 1338 913 Qui
1356 873 1512 919 postea-
1543 873 1562 904 4

77 939 192 977 quam
215 927 374 965 domum
396 940 414 966 a
438 927 518 965 suis
540 927 689 965 civibus
712 932 914 965 revocatus
935 932 1004 972 est,
1032 926 1136 976 quod
1160 925 1311 963 Boeotii
1334 931 1368 963 et
1393 924 1511 962 Athe-

78 983 233 1023 nienses
265 984 584 1022 Lacedaemoniis
613 984 756 1022 bellum
789 983 1029 1027 indixerant,
1069 982 1207 1020 Conon
1239 981 1361 1020 nihilo
1392 980 1512 1019 setius

75 1041 176 1091 apud
196 1042 414 1091 praefectos
431 1041 534 1091 regis
550 1040 777 1079 versabatur
794 1040 932 1090 hisque
950 1038 1135 1077 omnibus
1152 1050 1295 1089 magno
1312 1043 1392 1076 erat
1412 1037 1510 1075 usui.

187 1097 390 1135 Defecerat
407 1109 427 1135 a
444 1109 535 1148 rege
554 1097 849 1148 Tissaphernes,
874 1108 1002 1146 neque
1020 1095 1057 1133 id
1072 1102 1150 1134 tam
1168 1095 1371 1133 Artaxerxi
1393 1105 1509 1145 quam
1534 1096 1558 1131 3

74 1153 215 1192 ceteris
232 1159 313 1192 erat
329 1160 520 1205 apertum.
562 1154 694 1193 Multis
711 1153 815 1192 enim
832 1152 1063 1204 magnisque
1081 1152 1229 1190 meritis
1246 1152 1348 1202 apud
1365 1162 1511 1202 regem,

74 1210 188 1249 etiam
205 1223 294 1249 eum
312 1211 350 1249 in
374 1211 504 1250 officio
529 1223 607 1249 non
631 1216 821 1257 maneret,
844 1209 1005 1248 valebat,
1048 1209 1181 1259 Neque
1204 1208 1239 1247 id
1263 1214 1345 1246 erat
1366 1208 1512 1246 miran-

73 1267 187 1314 dum,
218 1267 249 1306 si
274 1280 351 1306 non
378 1268 487 1306 facile
509 1268 553 1306 ad
578 1267 815 1306 eredendum
839 1266 1125 1312 adducebatur,
1150 1265 1408 1304 reminiscens
1429 1264 1512 1302 eius

73 1336 113 1362 se
129 1336 247 1375 opera
265 1324 406 1375 Cyrum
425 1325 585 1363 fratrem
603 1336 820 1375 superasse.
862 1323 988 1362 Huius
1005 1322 1214 1361 accusandi
1234 1322 1356 1373 gratia
1375 1321 1511 1360 Conon
1546 1326 1562 1357 2

1545 365 1562 395 lx'.

72 1455 124 1479 ser
142 1445 195 1479 die
213 1446 370 1489 Riistung
394 1447 580 1487 betrieben,
605 1448 671 1480 und
698 1447 757 1480 des
874 1449 904 1480 4.
931 1446 1057 1478 bellum
1085 1446 1312 1485 ‘'redimet-ant,
1341 1443 1403 1475 wie
1431 1442 1511 1474 Cim.

72 1491 224 1534 Mangels
255 1502 296 1524 an
322 1491 406 1525 Geld
437 1503 504 1526 von
531 1493 588 1525 der
614 1493 757 1525 Laeed'a-
829 1494 858 1528 3.
886 1494 915 1524 2.

72 1537 268 1570 monischen
288 1537 399 1571 Flotte
416 1539 574 1579 unthiitig
598 1538 755 1581 belagern
871 1535 1047 1579 praefecte*
1064 1536 1150 1568 steht
1175 1536 1245 1567 hier
1265 1534 1332 1567 und
1350 1535 1412 1576 Ag.
1432 1535 1462 1573 2,
1482 1538 1511 1565 3.

74 1583 184 1615 lassen
203 1582 314 1624 (Isocr.
333 1582 385 1617 IV.
407 1584 428 1626 ξ
450 1586 521 1618 142.
547 1579 642 1617 Diod.
670 1584 754 1617 XIV.
827 1582 1019 1625 allgemeiu,
1040 1582 1133 1614 nicht
1152 1581 1244 1614 bloss
1263 1580 1316 1613 die
1335 1579 1512 1621 Satrapen,

74 1629 125 1660 79.
157 1627 268 1661 Justin
301 1627 354 1662 Vl.
380 1630 410 1666 2.
440 1631 503 1670 11).
554 1630 647 1663 Naeb
680 1630 755 1663 dem
827 1628 1028 1661 Statthalter
1054 1627 1112 1660 der
1132 1626 1331 1667 Provinzen,
1358 1625 1513 1658 bezeich-

73 1673 756 1716 AbzugdesAgesilaus(Olea-2:394)
827 1674 915 1707 nend
940 1674 1020 1711 (wie
1038 1672 1110 1706 Alc.
1130 1675 1161 1709 5,
1181 1674 1210 1706 2.
1230 1672 1303 1704 Dat.
1323 1673 1353 1713 2,
1372 1673 1416 1711 5).
1435 1680 1513 1703 son-

72 1719 219 1760 gesehah
238 1719 308 1756 das,
335 1729 405 1752 was
425 1719 538 1763 Nepos
565 1732 592 1754 e.
611 1724 642 1756 4,
660 1724 680 1754 4
707 1732 756 1754 er—
826 1720 907 1752 dern
931 1719 1022 1752 diese
1049 1719 1110 1751 mit
1135 1717 1341 1751 umfassend.
1376 1716 1434 1748 Die
1454 1714 1513 1748 Sa-

71 1764 172 1797 ziihlt.
827 1769 943 1807 trapen
973 1765 1088 1797 hatten
1115 1762 1332 1806 gewehnlich
1358 1761 1510 1804 zugleicb

116 1813 302 1852 sair-apetie.
331 1809 364 1842 S.
392 1821 430 1843 zu
461 1811 533 1854 Lys.
562 1814 592 1847 4,
626 1815 650 1845 l.
827 1811 891 1843 den
908 1810 1026 1842 Befehl
1055 1809 1137 1842 tiber
1162 1809 1215 1842 die
1241 1808 1412 1850 Twppen.
1438 1807 1513 1839 mit-

113 1866 284 1897 genetwm
317 1858 413 1897 regis
441 1860 473 1888 et
502 1859 755 1899 propinquum.
827 1860 925 1888 untes
951 1865 1020 1887 war
1045 1855 1155 1887 dieser
1179 1855 1260 1887 aber
1285 1853 1407 1887 anderu
1436 1852 1512 1884 Per-

73 1900 309 1934 Pharnabazus
328 1901 515 1934 beirathete
538 1901 591 1934 die
609 1901 757 1935 'soi-liter
827 1911 932 1933 soneu
961 1900 1172 1942 liberm-agen.
1206 1899 1282 1942 Vgl.
1303 1910 1342 1931 zu
1371 1909 1397 1931 e.
1424 1900 1454 1935 5.
1482 1900 1511 1928 3.

71 1945 130 1979 des
146 1946 349 1979 Artaxerxes
376 1951 442 1979 erst
463 1946 513 1981 Ol.
532 1949 586 1981 tbS'.
606 1949 623 1980 2
637 1965 677 1976 =
690 1950 753 1981 387
827 1947 897 1979 Alc.
916 1948 948 1985 9,
966 1948 996 1978 5.
1016 1945 1171 1978 Duncker
1186 1945 1306 1977 Gesch.
1322 1943 1352 1976 d.
1368 1942 1510 1976 Alterth.

71 1991 167 2028 (Xen.
196 1991 280 2025 Hell.
308 1991 346 2025 V.
380 1995 404 2032 1,
432 1994 472 2025 28
509 1994 584 2035 [Ag.
620 1995 650 2030 3.
685 1994 755 2036 21).
828 1992 861 2025 ll.
889 1994 965 2026 910.
992 1993 1053 2023 911
1083 1992 1127 2031 (3.
1156 1990 1267 2031 Auss..)

72 2036 145 2069 Wie
177 2047 212 2069 er
237 2043 330 2070 sonst
358 2038 418 2070 mit
444 2038 518 2071 dem
547 2038 657 2081 Kenig
682 2050 755 2071 ver-
870 2037 905 2072 3.
937 2040 961 2070 1.
978 2036 1088 2069 Ueber
1106 2036 1170 2069 deu
1190 2034 1431 2078 vorgeblicheu
1447 2033 1513 2065 Ab-

72 2082 184 2115 wandt
205 2093 284 2117 war.
305 2083 429 2116 wissen
449 2084 510 2116 wir
529 2084 631 2118 nicht.
660 2084 752 2117 Denn
827 2083 884 2116 lall
911 2083 969 2115 des
996 2081 1241 2125 Tissaphernes
1268 2092 1294 2113 s
1321 2091 1361 2113 zu
1381 2090 1407 2112 c.
1435 2080 1464 2111 2.

71 2138 111 2160 an
140 2127 205 2160 den
230 2128 414 2162 Elii-entitel
442 2129 500 2162 der
526 2129 752 2163 Veiwandteu
871 2128 993 2171 Neque
1021 2128 1059 2160 [cl
1095 2131 1170 2160 emt
1208 2127 1421 2164 mit-,andum
1448 2124 1511 2155 wi«

71 2173 130 2205 des
169 2173 295 2215 Konigs
336 2175 544 2220 (avyyevei‘s.
586 2178 753 2217 cognatm,
826 2175 918 2208 Eum.
931 2141 991 2215 l,ll
1010 2176 1028 2207 5
1050 2173 1171 2215 Neque
1189 2171 1510 2214 1cl[‹1·at]s'alsnm.

70 2218 170 2252 deren
191 2229 226 2251 es
244 2199 297 2251 11ῦοὶ
317 2219 380 2252 deu
402 2220 540 2253 Per-sein
561 2222 644 2254 nach
663 2222 752 2255 Curt.
871 2223 995 2262 [neque
1018 2220 1056 2251 id
1073 2239 1115 2242 --
1134 2229 1245 2260 neqve
1263 2218 1309 2250 id.
1329 2217 1361 2249 S.
1381 2227 1421 2248 zu
1438 2214 1509 2248 Dat.

70 2264 255 2305 111.3‚14
284 2267 334 2304 10
337 2267 402 2298 000
429 2266 492 2308 gab
528 2269 566 2305 (ς
595 2266 754 2300 Schneid.
825 2270 854 2300 5.
874 2268 917 2306 6.]

71 2320 110 2342 zu
128 2309 212 2342 Xen.
228 2311 350 2353 Cyrop
369 2310 389 2343 Ι.
409 2313 441 2351 4,
459 2312 526 2349 27),
546 2312 585 2344 ist
606 2313 753 2345 schwer-
873 2312 1002 2354 Cyrum
1034 2310 1183 2349 fratrem
1217 2319 1409 2351 supet-assi.
1460 2306 1508 2339 01.

71 2355 135 2388 heb
163 2366 202 2387 zu
229 2355 372 2389 denken
825 2359 878 2396 94,
905 2358 1064 2390 4=40l.

117 2403 146 2435 2.
163 2402 256 2434 hunc
269 2402 448 2435 adv-Musas.
470 2403 501 2435 S.
518 2401 667 2435 zuPaus.
680 2405 711 2441 4,
723 2406 752 2436 4.
871 2404 900 2435 2.
928 2402 1062 2442 Conon,
1098 2400 1245 2433 welcher
1279 2399 1359 2431 kurz
1391 2397 1510 2430 vorhei·

117 2448 146 2479 3.
173 2448 323 2488 [obstitit
361 2458 426 2480 von
465 2449 612 2480 obs-tur«.
653 2447 685 2481 S.
713 2459 752 2481 zu
825 2448 914 2480 heim
932 2447 1168 2480 Pharnabazus
1187 2446 1230 2477 im
1249 2445 1437 2477 Chersones
1455 2452 1511 2485 ge-

72 2490 154 2525 Milt.
181 2494 212 2533 3,
239 2495 288 2533 5.]
826 2503 941 2526 wesen
975 2503 1046 2525 w·ai
1079 2491 1187 2534 (Diod.
1222 2489 1304 2523 XIV.
1338 2490 1404 2530 79)
1430 2488 1511 2530 ging

115 2549 143 2569 ,τι
173 2538 230 2570 ille
255 2549 327 2571 nou
353 2539 486 2578 flasset.
514 2539 576 2582 Ag.
596 2540 627 2574 6.
651 2541 662 2572 1
685 2540 755 2571 πίει
826 2539 875 2572 (u
895 2541 948 2580 96,
972 2540 1116 2571 2—-395
1143 2547 1217 2569 zum
1246 2535 1365 2577 Konig,
1393 2534 1510 2576 haupt-

72 2584 130 2616 ille
153 2584 290 2621 s'm‘sset.
826 2584 974 2617 siithlich
994 2594 1047 2616 um
1068 2583 1149 2615 (ield
1170 2593 1209 2614 zu
1231 2581 1381 2613 erhalten
1401 2577 1508 2619 (Diod.
